2864 4994
243 447 293 520 30
441 444 667 514 VALERII
699 441 911 511 MAXIMI
948 445 1044 512 tht.
1077 447 1105 512 1.

241 578 393 674 auspiciis
411 577 498 646 enim
516 576 631 672 patriis
642 573 665 662 ¹,
682 599 752 644 non
766 574 974 670 alienigenis,
993 575 1232 672 rempublicam
1256 579 1313 648 ad-

242 686 420 754 ministrari
435 697 592 778 oportere
606 681 810 775 judicabant.

297 818 329 862 a.
351 793 389 860 C.
411 787 584 860 Cornelius
604 786 786 883 Hispallus,
804 803 927 884 parator
946 789 1154 883 peregrinus,
1176 793 1224 858 M.
1245 793 1313 860 Po·

242 897 321 994 pilio
336 900 491 984 Laenate,
507 898 571 965 Cn.
592 893 776 989 Calpurnio
794 898 888 965 Coss.
911 895 1019 964 edicto
1042 895 1235 966 Chaldaeos²
1258 900 1314 966 in-

241 1020 294 1073 tra
304 1004 470 1073 decimum
479 1001 567 1071 diem
578 1001 670 1070 abire
684 1002 828 1071 eerbe
841 1016 940 1096 atque
951 1002 1046 1071 ltalia
1054 1003 1152 1095 jussit
1164 1029 1171 1070 :
1185 1003 1313 1072 levibus

242 1126 276 1180 et
296 1111 415 1205 ineptis
434 1109 592 1204 ingeniis,
615 1107 723 1177 fallaci
742 1109 886 1178 siderum
907 1110 1197 1203 interpretatione,
1220 1135 1313 1204 qrrae-

242 1230 388 1286 stuosam
412 1215 592 1284 mendaciis
611 1215 678 1282 suis
697 1213 869 1308 caliginem
898 1216 1088 1306 injicientes.
1114 1215 1229 1301 Idem,
1255 1219 1313 1310 qui

241 1307 390 1393 sabazii³
405 1322 497 1390 Jovis
516 1319 608 1390 cultu
630 1318 782 1388 simulato
801 1344 910 1388 mores
929 1345 1084 1390 romanos
1102 1321 1237 1390 inlicere
1257 1347 1313 1392 co-

241 1433 311 1498 nati
332 1442 426 1514 sunt,
446 1426 563 1495 domos
584 1447 661 1494 suas
683 1433 833 1519 repetere
852 1427 970 1520 coegit.

297 1533 332 1605 3.
353 1536 392 1601 L.
414 1531 562 1600 AEmilius
577 1529 710 1600 Paullus
729 1531 862 1614 consul,
878 1556 982 1624 quum
1004 1547 1139 1601 senatus
1157 1519 1316 1602 lsidislet

241 1641 371 1734 Serapis
393 1638 471 1707 lana
496 1635 658 1706 diruenda
684 1638 884 1723 censuisset,
907 1661 1011 1733 eaque
1025 1661 1134 1707 -nemo
1155 1638 1315 1733 opificum

242 1749 403 1838 attingere
421 1745 574 1832 auderet,
592 1745 700 1838 posita
717 1759 877 1840 praetexta
899 1745 1040 1814 securim
1060 1745 1216 1840 arripuit,
1236 1761 1318 1814 tem·

240 1851 352 1948 plique
370 1852 440 1944 ejus
457 1849 583 1920 foribus
603 1851 729 1920 inflixit.

241 2035 310 2110 plsse
329 2033 477 2097 diremtos,
496 2063 537 2075 -
556 2027 654 2085 deinde
677 2032 755 2100 mel,
799 2051 859 2086 rum
881 2031 956 2086 cultu
985 2049 1015 2084 ea
1044 2043 1173 2097 tantum,
1202 2033 1249 2107 qai
1274 2036 1316 2086 rei

242 2113 315 2189 quod
329 2133 361 2167 ex
378 2114 435 2166 olea
454 2112 548 2176 flunlt,
564 2143 605 2155 υ-
621 2113 754 2183 aruspices
799 2125 915 2164 rorum
927 2112 1217 2184 praeerant,praecipue
1232 2112 1316 2166 adsci-

242 2195 389 2258 dixerant,
412 2211 514 2246 summa
542 2192 681 2244 nobilitate
708 2192 755 2246 bas
798 2204 916 2256 venant,
931 2209 990 2262 quas
1013 2193 1129 2246 lacerent
1151 2191 1185 2244 ad
1205 2193 1313 2264 plebem

242 2287 325 2328 sortes
340 2273 457 2338 futuras,
473 2290 619 2344 eorumque
635 2273 710 2344 jussu
723 2291 756 2326 ex
800 2272 903 2325 facilius
912 2270 1185 2326 flectendam-An.
1196 2274 1231 2326 U.
1244 2277 1312 2337 614.

243 2355 300 2406 olea
314 2354 364 2406 ista
378 2363 440 2406 arca-
448 2365 488 2405 est
499 2353 583 2418 lacta,
597 2370 679 2423 eaque
690 2370 755 2405 con·
846 2353 871 2406 3.
900 2349 1008 2404 Sabeaii.
1040 2353 1146 2404 Nomen
1170 2369 1313 2407 commune

242 2433 305 2489 ditae
319 2446 411 2486 sortes.
425 2433 597 2504 Disposuerat
607 2450 650 2483 eas
666 2431 694 2482 in
710 2451 755 2484 ex·
798 2432 911 2484 Joviset
927 2432 1035 2488 Bacchi,
1053 2430 1156 2502 dequo
1176 2451 1230 2485 non
1245 2451 1311 2485 con-

242 2525 359 2567 cavatam
372 2513 523 2565 colamnam
533 2511 672 2576 intentor,
682 2509 755 2563 unde
798 2523 863 2574 stat,
879 2527 944 2562 num
958 2511 1055 2564 rectius
1067 2531 1081 2563 a
1097 2510 1213 2572 σαῦάζειν
1230 2531 1252 2566 s.
1269 2531 1311 2564 ee·

241 2591 383 2666 quotannis
393 2593 454 2645 Kal.
466 2593 522 2662 jan.
537 2607 631 2662 magna
646 2591 756 2643 celebri·
799 2588 897 2653 ΰάζειν,
913 2603 957 2643 aut
972 2609 988 2643 a
1006 2591 1121 2644 Sabaoth
1141 2581 1313 2656 deducatnr;

242 2686 295 2728 tate
307 2684 454 2744 exemptae,
468 2688 569 2742 eaque,
586 2689 638 2742 qua
653 2669 755 2730 educte
797 2697 839 2712 —-
850 2671 952 2722 cultura
965 2689 980 2722 a
991 2672 1105 2742 posteris
1118 2673 1255 2742 receptrim
1268 2671 1315 2724 de-

242 2754 405 2818 erant,serie
412 2755 509 2824 junctae
518 2752 621 2822 integra
630 2769 755 2822 responsa
798 2751 899 2802 clarent
913 2750 1109 2822 inscriptiones.
1129 2783 1170 2793 -
1182 2751 1311 2804 Simulare.

242 2834 430 2898 absolvebant,
444 2847 504 2903 quaa
520 2831 621 2884 oraculi
637 2831 691 2882 vim
707 2831 754 2882 lra-
798 2830 852 2883 Alii
871 2830 981 2893 subtere,
1004 2829 1077 2903 qnod
1104 2831 1193 2884 minus
1214 2832 1311 2904 placet.

240 2915 305 2968 bere
320 2911 420 2967 credite
436 2924 506 2964 sunt.
525 2907 570 2964 sie
589 2912 707 2976 Peucen,
721 2909 755 2964 de
839 2917 867 2973 4.
888 2910 969 2964 Isidis.
985 2908 1063 2973 lsidi,
1081 2909 1144 2963 licet
1155 2910 1212 2964 sine
1227 2910 1313 2964 dubio

241 2993 351 3050 divinat.
798 2990 877 3043 Ceres
892 2991 926 3042 rit
939 3029 947 3055 ,
960 2991 1010 3043 snb
1025 3003 1140 3062 utroque
1157 3003 1245 3043 tamen
1261 3009 1313 3042 no·

284 3091 310 3128 1.
330 3074 431 3126 Patrie'e.
450 3069 527 3140 Pigh.
546 3081 574 3122 et
587 3071 676 3122 Coler.
696 3085 756 3140 pem
797 3068 956 3140 minolonge
966 3069 1086 3123 diversus
1092 3069 1180 3123 cultus
1189 3083 1228 3123 est
1239 3071 1314 3123 insti·

240 3171 332 3228 peram
344 3155 432 3221 parre.
447 3149 569 3220 Auspicia
585 3152 680 3220 patria,
696 3148 714 3201 i.
730 3166 753 3200 e.
798 3147 1313 3215 turnevidflerodotummtodorum,

243 3254 297 3307 que
307 3233 391 3284 Rome
404 3240 468 3282 suat.
482 3258 523 3272 ·-
534 3230 585 3280 An.
602 3229 637 3280 U.
654 3228 721 3281 sn.
797 3233 824 3279 e't
831 3227 1146 3282 Plutarchum-Varro
1155 3227 1313 3300 Serapldem

286 3331 313 3366 a.
328 3309 465 3364 Chaldaeos.
478 3305 596 3360 Chaldaei
605 3305 755 3380 iidem,qui
798 3319 824 3359 et
842 3306 943 3359 Isidem
959 3308 1040 3361 babet
1057 3309 1150 3362 caelum
1164 3321 1191 3361 et
1203 3322 1312 3363 terram.

245 3390 369 3460 astrologi
379 3399 406 3441 et
418 3387 596 3440 mathematici
606 3405 613 3439 :
624 3405 688 3439 narn
699 3405 755 3440 non
798 3383 862 3440 Vid.
871 3387 1010 3458 Augustin.
1027 3385 1061 3441 de
1075 3389 1133 3442 civ.
1149 3389 1183 3441 D.
1199 3382 1312 3456 xvffl,

244 3469 407 3542 temgcutis,
421 3483 502 3540 quarn
512 3467 576 3519 ertia
589 3485 687 3519 nomen
702 3480 753 3532 est,
800 3466 833 3530 53
849 3467 961 3520 Tertull.
979 3469 1047 3539 apol.
1060 3467 1111 3520 VI.
1136 3499 1176 3514 -
1202 3467 1311 3542 Serapis.

243 3565 275 3608 ut
294 3551 419 3605 celeberr.
436 3548 525 3618 Kapp.
542 3544 753 3600 monstrat.Vid.
797 3544 913 3610 Quidam
928 3547 1060 3619 Serapidis.
1078 3579 1119 3589 -
1139 3547 1265 3600 Pretextu
1280 3550 1311 3603 h.

244 3631 301 3687 Cic.
316 3628 350 3682 de
362 3628 424 3683 niv.
438 3629 452 3682 1
470 3638 498 3680 et
515 3627 552 3678 11.
567 3627 680 3680 limosus
696 3642 754 3678 eam
796 3626 816 3678 l.
832 3627 1032 3698 magistratuum
1046 3641 1107 3698 toga
1122 3639 1173 3692 est,
1185 3628 1230 3680 cui
1243 3648 1311 3701 pur-

245 3724 344 3775 artem‚
354 3710 406 3762 lata
416 3725 449 3761 ex
455 3706 643 3760 commentitiis
653 3706 709 3761 celi
718 3707 754 3758 si·
797 3723 864 3776 pura
873 3708 1066 3777 premebatur
1076 3725 1083 3759 :
1093 3720 1220 3782 preterea
1231 3727 1262 3760 ea
1272 3710 1314 3760 in-

243 3791 302 3866 gnis
317 3787 447 3851 eruendi,
461 3787 564 3858 primns
581 3786 609 3838 in
623 3786 753 3839 Graeciam
797 3784 856 3838 dati
870 3784 1047 3840 adolescentes
1057 3787 1179 3851 romani,
1193 3801 1254 3841 ante
1269 3799 1314 3840 to-

244 3872 364 3927 intulisse
375 3870 472 3932 fertur,
483 3883 541 3938 quta
551 3877 642 3938 postea
653 3880 753 3919 tantam
797 3885 857 3937 gam
870 3867 1128 3997 virilefflumptam.
1138 3898 1177 3910 -
1187 3869 1312 3938 Arripuit.

247 3953 341 4025 lnipsa
354 3948 456 4020 egregia
468 3947 573 4018 ingenia
588 3944 757 4018 tyrannidem
801 3945 845 3998 ste
862 3963 953 4016 quoqu
1009 3946 1095 4018 ionys.
1124 3946 1195 4018 apud
1213 3947 1313 4002 AEllan.

249 4027 452 4088 exercuitVide
463 4027 555 4080 Picum
566 4025 683 4079 Mirand.
696 4043 759 4078 oon-
801 4041 857 4078 var.
868 4025 962 4092 hirti,
974 4043 1016 4079 ro.
1026 4025 1060 4078 Et
1069 4027 1158 4080 Caesar
1168 4027 1239 4080 lores
1251 4039 1314 4081 aera-

250 4123 292 4172 ttt
305 4108 519 4189 annologiamE
538 4107 679 4186 peregrino
694 4103 758 4160 deo·
802 4105 836 4158 rii
850 4123 939 4158 eorem
952 4125 980 4159 ae
994 4105 1111 4160 exscindi
1120 4107 1204 4178 jussit.
