2864 4994
231 474 281 518 xx
334 448 446 518 Nor.
474 447 600 518 LlTT.
630 448 696 516 DE
719 448 945 517 VALERIO
972 449 1194 519 MAXIMO.

231 579 354 653 Valerii
367 580 506 648 Maximi
524 577 619 648 Basil.
641 575 752 673 1577,
776 579 817 665 8,
841 604 917 648 cum
940 579 1095 650 Glareani
1119 584 1204 652 notis
1224 585 1296 653 vul-

230 701 321 780 gata,
340 685 551 778 subjecerunt
569 684 769 778 farraginem
787 684 1012 781 exemplorum
1031 689 1294 760 christianorum.

231 793 420 886 Scripsitet
431 791 556 859 Valerii
568 793 673 860 nostri
691 791 872 860 imitatione
888 797 1052 888 Baptista
1066 796 1237 888 8114101111
1254 795 1296 864 li-

230 899 309 966 bros
320 900 372 966 IX
384 896 549 966 factorum
562 897 793 992 dictorumque
811 898 1073 968 memorabilium
1089 925 1130 969 ex
1142 903 1234 969 omni
1245 903 1296 970 hi·

230 1005 332 1072 storia
344 1017 457 1073 vetere
468 1027 508 1072 ec
520 1017 653 1074 recente
662 1002 829 1091 collectos,
838 1003 1009 1098 editosque
1018 1003 1297 1102 Antuerp.1565‚

233 1111 269 1197 8,
283 1125 318 1178 et
336 1113 386 1179 M.
403 1109 489 1178 Ant.
508 1112 648 1180 coccias
662 1110 852 1180 Sabellicus
869 1113 903 1178 X
917 1110 1019 1180 libros
1035 1112 1271 1207 Exemplorum
1287 1139 1296 1179 :

230 1215 321 1310 quod
339 1240 422 1311 opus
440 1230 634 1311 postumum
655 1217 771 1310 saepius
789 1216 926 1310 prodiit,
944 1231 982 1284 ut
999 1217 1095 1286 Basil.
1121 1215 1231 1305 1541,
1253 1218 1296 1300 8,

230 1317 419 1416 germanice
433 1345 494 1416 per
508 1321 720 1391 Leonardum
730 1324 953 1411 Brunnerum‚
964 1325 1099 1417 Argent.
1116 1320 1230 1410 1535,
1240 1323 1296 1392 fol.

229 1431 282 1497 J0.
296 1432 460 1524 Baptista
470 1431 646 1522 Egnatius
655 1426 756 1496 libros
767 1430 818 1495 IX
833 1427 875 1496 de
889 1427 1045 1522 exemplis
1058 1428 1234 1498 illustrium
1249 1431 1298 1496 vi·

231 1558 346 1605 rorum
362 1536 499 1603 Venetae
519 1534 659 1602 civitatis
680 1548 779 1627 atque
802 1532 937 1602 aliarum
959 1537 1124 1628 gentium,
1145 1536 1201 1628 qui
1222 1549 1298 1628 post

230 1639 391 1726 auctoris,
403 1663 482 1708 ann.
495 1635 593 1709 1553
611 1638 776 1728 defuncti,
791 1639 934 1722 obitum,
952 1640 1103 1734 prodiere
1117 1664 1205 1708 anno
1219 1665 1298 1734 pro-

231 1745 331 1814 ximo.
346 1749 399 1822 to.
417 1744 619 1837 Scheffitrus
636 1747 670 1814 in
686 1744 771 1814 libro
789 1744 1052 1814 memorabilium
1070 1744 1297 1840 exemplorum

231 1853 377 1921 Suecicae
391 1853 512 1946 gentiS,
524 1852 707 1945 Hamburg.
726 1850 795 1947 167
806 1876 837 1939 1,
848 1850 887 1922 8:
902 1850 1051 1920 similiter
1062 1851 1212 1946 exempla
1223 1877 1299 1946 gen-

231 1957 273 2026 tis
291 1958 443 2044 Demeae,
457 1959 526 2026 sive
535 1955 706 2028 Valerium
721 1959 906 2026 Maximum
918 1958 1084 2026 Danieum
1106 1957 1196 2027 libris
1213 1960 1300 2027 XIX

231 2064 397 2158 congessit
414 2064 738 2158 01081111114111,
757 2078 795 2131 ut
812 2063 954 2132 refertur
971 2065 1005 2130 in
1023 2065 1118 2131 novis
1134 2061 1299 2132 litterariis

231 2170 332 2238 maris
344 2167 476 2250 Baltici‚
496 2193 583 2238 anno
612 2168 726 2263 1698,
740 2196 773 2262 p.
792 2195 851 2237 22.
864 2167 1025 2263 Exempla
1040 2167 1175 2239 Gallicae
1192 2169 1300 2262 gentis

230 2273 363 2344 Valerii,
373 2275 555 2344 imitatione
570 2275 699 2369 scripsit
715 2276 806 2344 Guil.
820 2273 1006 2366 deBellrzy,
1024 2289 1107 2344 teste
1121 2276 1299 2342 Francisco

232 2405 251 2450 a
268 2383 397 2468 Grues,
415 2407 447 2476 p.
468 2378 557 2475 139,
574 2379 656 2448 Bibl.
673 2379 816 2450 Gallicae.
835 2385 885 2449 lo.
905 2405 985 2448 vero
1001 2383 1194 2450 Franciscus
1210 2383 1299 2448 Lau·

228 2486 375 2556 rodanus
388 2489 423 2554 in
438 2484 543 2581 gloria
552 2476 736 2556 Academiae
752 2487 1012 2581 incognitorum,
1027 2511 1058 2579 p.
1077 2491 1163 2582 147,
1179 2488 1302 2580 promi·

161 2579 163 2588 ¹
234 2594 277 2662 sit
293 2617 348 2681 sc,
364 2593 407 2662 ad
424 2591 550 2662 Valerii
568 2591 772 2686 exemplum,
789 2592 955 2660 editurum
974 2591 1062 2660 dicta
1083 2607 1117 2660 et
1134 2592 1220 2660 lacta
1232 2594 1299 2660 Ve-

233 2713 385 2770 netorum
402 2697 561 2786 illustria,
577 2703 593 2766 i
604 2697 692 2766 detti
706 2725 726 2766 e
727 2698 828 2790 fatti
840 2699 899 2766 de'
912 2702 950 2767 V
945 2703 1103 2768 eracliani.

284 2891 424 2962 Valerii
441 2890 593 2988 epistola
610 2889 666 2962 ad
680 2891 870 2985 Rufinum,
891 2913 935 2959 ne
956 2890 1068 2960 ducat
1083 2912 1248 2960 uxorem.

286 3078 457 3172 Philippus
478 3077 632 3147 Labbeus
650 3079 685 3144 in
706 3073 909 3144 Bibliotheca
931 3099 1017 3143 nova
1034 3078 1113 3144 Mss.
1134 3099 1207 3170 pag.
1228 3071 1301 3163 45,

232 3198 397 3254 memorat
415 3185 549 3252 Valerii
563 3185 718 3250 Maximi
733 3181 963 3248 dissessiones
987 3180 1039 3248 ad
1057 3181 1232 3269 Rrfinum,
1256 3205 1302 3248 ne

235 3291 341 3362 diicat
364 3312 514 3358 uxorem.
538 3286 603 3355 Sed
626 3283 818 3380 intelligitur
840 3283 976 3379 epistola
1004 3311 1101 3380 quae,
1120 3286 1300 3355 christiano

236 3399 350 3491 utique
362 3396 541 3488 scriptore,
555 3392 615 3462 sub
627 3389 770 3475 Valerii,
782 3393 893 3460 nescio
908 3392 1019 3484 cujus,
1032 3394 1165 3461 nomine
1180 3390 1302 3485 legitur

235 3506 321 3572 inter
341 3502 462 3596 scripta
479 3502 511 3568 S.
528 3501 732 3594 Hieronymo
754 3499 941 3593 supposita,
960 3513 1058 3592 atque
1077 3498 1213 3592 incipit:
1228 3499 1300 3565 Lo-

235 3615 298 3705 qui
309 3607 513 3704 prohibeor,
536 3619 572 3674 et
590 3622 704 3674 tacere
724 3629 794 3673 non
806 3629 950 3700 possum
970 3608 1011 3674 In
1033 3629 1106 3672 eam
1129 3600 1301 3698 epistolam

237 3714 492 3784 commentarios
510 3717 563 3782 Jo.
579 3713 773 3780 Grcallensis
787 3725 820 3778 et
838 3713 916 3780 Nic.
931 3713 1055 3780 Trireti
1069 3712 1300 3778 memoratio.

235 3819 401 3892 laelandus
421 3819 462 3888 de
484 3818 698 3913 scriptoribus
715 3817 926 3904 BritanniciS,
948 3842 980 3911 p.
995 3814 1081 3910 307,
1107 3814 1192 3910 327.

628 4025 913 4056 ...w-
