2864 4994
111 557 177 578 m-
185 537 1181 578 {mmmmm

144 657 603 902 inmotus
649 766 1146 916 Puarlrto

112 1240 267 1366 Annus
286 1305 359 1379 est,
379 1305 441 1361 aut
463 1315 542 1360 non
560 1288 677 1360 multo
696 1313 818 1377 secus,
838 1313 881 1358 ex
899 1313 975 1386 quo
993 1287 1036 1358 ad
1057 1286 1183 1359 editio-

110 1405 196 1492 nem*
209 1415 344 1489 Valerii
361 1415 507 1485 Maximi
524 1411 772 1483 adornandam
788 1412 952 1482 invitavit
965 1435 1023 1481 me
1039 1412 1095 1481 vir
1114 1411 1184 1487 cla-

109 1545 270 1619 rissimus
287 1545 330 1613 N.
349 1545 389 1610 E.
406 1545 591 1626 Lemaire,
612 1559 764 1634 poeseos
790 1536 909 1608 latinae
931 1537 969 1606 in
991 1535 1185 1608 Academia.

111 1666 298 1736 Parisiensi
317 1661 537 1761 professor,
568 1659 759 1758 editorque
790 1661 898 1756 hujus
935 1667 1183 1732 Bmmorflaca

112 1809 278 1860 ctnssrca
302 1811 451 1858 turma.
476 1791 595 1878 Quem
615 1787 756 1883 ipsum,
778 1785 905 1856 litteris
931 1783 1121 1882 exquisitis·
1143 1809 1184 1856 ac

111 1909 253 2010 poetica
271 1886 378 1982 laude
401 1912 441 1980 in
466 1911 590 2008 primis
613 1908 793 1997 nobilem,
813 1907 995 1981 celebrare
1018 1933 1095 1979 non
1115 1907 1182 1979 du-

111 2035 283 2124 bitarem,
305 2036 334 2104 si
353 2047 538 2132 pateretur
558 2032 637 2103 talis
654 2032 723 2102 viri
741 2032 936 2121 modestia,
959 2048 995 2104 et
1018 2057 1182 2104 commu·
1274 2125 1279 2134 ⁸

111 2161 212 2230 nium
231 2155 398 2228 laborum
424 2157 584 2228 societas.
610 2161 665 2227 Ita
687 2181 755 2254 ego
776 2157 957 2228 voluntati
980 2157 1047 2226 viri
1066 2157 1183 2248 docti,

111 2307 186 2351 rem
202 2304 370 2377 magnam
386 2293 422 2350 et
431 2281 587 2350 maxime
597 2279 725 2349 utilem
739 2279 912 2378 aggressi,
923 2280 1027 2350 nolui
1040 2279 1183 2352 deesse:

112 2420 146 2475 et
162 2403 355 2476 allectabat
367 2402 465 2474 ultro
481 2419 608 2474 auctor
619 2405 756 2491 varius,
772 2404 982 2502 multiplex,
998 2406 1183 2503 copiosus,

112 2556 221 2628 quem
240 2531 459 2629 jampridem
480 2532 639 2660 legeram
651 2531 892 2656 perlibenter
911 2531 1004 2626 ldeo
1023 2558 1100 2604 non
1119 2531 1185 2602 du·

111 2653 269 2725 bitanter
290 2656 412 2752 recepi
438 2643 604 2739 editoris
592 2656 862 2768 prospiciam
870 2635 971 2753 qiii:
960 2646 1074 2753 quid
1093 2680 1185 2752 prae-

112 2779 234 2849 stitum
253 2779 298 2850 sit
313 2804 334 2849 a
348 2804 428 2863 me,
450 2759 662 2850 summatiiii
655 2780 913 2904 breriterqu'e
928 2805 1121 2877 exponam.

157 2902 376 2973 Illustrando
401 2902 546 2973 Valerio
569 2883 750 2973 Mariimo'
758 2887 948 3023 pperiin
937 2901 1184 2974 adhibuerunt

110 3028 327 3124 interpretes
348 2991 634 3124 aliquammulti',
651 3013 856 3144 magnique
863 3009 1032 3113 {dominis
1051 3027 1183 3120 critici,

112 3175 155 3220 ex
183 3149 318 3247 quibus
346 3125 765 3242 Vorstium,Coler1im,
793 3151 1180 3250 Pighium,Lipsium,
1304 3215 1309 3228 ,
1404 3137 1407 3144 ⁴

109 3274 356 3362 Perizonium,
379 3273 599 3359 Corradum,
620 3273 770 3345 Badium
781 3280 1038 3373 ,Fungerum,
1062 3276 1184 3348 Olive-

110 3397 223 3483 rium,
243 3396 436 3491 Thysium,
459 3399 694 3486 Torrenium,
711 3399 916 3496 Kappium‚
932 3398 1182 3472 Helfrechtum

109 3522 316 3591 nominasse
349 3519 504 3592 sufficiat
533 3548 541 3589 :
571 3523 610 3592 in
640 3536 740 3619 tanta
770 3535 910 3612 tamen,
925 3517 1020 3620 'quae
1050 3525 1185 3597 Valerii

110 3645 312 3714 orationem
328 3645 462 3741 passim
477 3646 627 3743 premit,
643 3644 812 3744 caligine,
826 3661 958 3718 nostrae
973 3673 1093 3745 operae
1106 3675 1182 3721 non

110 3781 180 3837 tam
213 3766 441 3865 spicilegium
471 3793 581 3866 quam
607 3793 761 3841 messem
784 3769 1028 3841 intelleximus
1055 3797 1195 3870 super--

110 3888 228 3962 luisse.
258 3895 351 3964 Nam
375 3906 516 3963 textum
539 3893 705 3989 quidem,
726 3908 769 3964 nt
795 3919 895 3965 nunc
912 3895 1118 3992 loquimur,
1139 3923 1184 3968 ex

110 4013 268 4085 editione
298 4012 512 4111 Bipontina,
540 4041 622 4114 quae
647 4016 792 4089 duobus
821 4019 930 4090 tomis
952 4024 1183 4118 Argentorati

112 4162 203 4209 anno
222 4136 314 4209 1806
330 4140 481 4235 prodiit,
498 4143 759 4237 expressimus,
774 4140 1067 4240 obtemperantes
1086 4170 1128 4216 ea
1144 4146 1183 4216 in
