2864 4994
349 435 456 502 CAP.
486 435 521 520 I,
549 433 618 500 DE
653 432 971 504 RELIGIONE.
1147 463 1189 506 ιι

120 571 153 636 in
175 591 318 638 censura
337 562 481 662 tegulas¹
502 588 706 634 marmoreas
725 589 765 633 ex
786 567 924 635 Junonis
941 568 1087 637 Laciniae
1106 584 1193 638 tem·

120 674 175 770 plo
201 676 237 742 in
259 673 363 742 aedem
382 676 537 742 Fortunae
559 672 744 765 Equestris,
769 695 867 764 quam
892 674 1007 742 Romae
1030 673 1194 763 faciebat,

120 777 300 849 transtulit.
322 782 473 874 Negatur
494 779 582 846 enim
605 777 765 871 posthoc
787 776 911 846 factum
935 793 1045 848 mente
1067 783 1194 850 consti·

119 888 221 956 tissc:
240 886 433 979 quinetiam
452 909 512 979 per
530 907 693 952 summam
715 882 946 977 aegritudinem
965 887 1065 954 animi
1083 887 1194 981 exspi-

122 995 225 1080 ravit,
241 1016 361 1085 quum,
377 1017 418 1060 ex
436 990 566 1060 duobus
578 988 652 1060 liliis
670 990 705 1058 in
722 987 855 1084 Illyrico
872 990 1103 1080 militantibus,
1119 992 1195 1063 alte

122 1124 197 1166 rum
217 1097 409 1184 decessisse,
428 1096 568 1165 alterum
586 1097 732 1190 graviter
747 1096 891 1165 audisset
908 1095 1073 1167 ellectum.
1091 1101 1195 1193 Cujus

120 1202 220 1273 casn²
241 1218 352 1272 motus
369 1217 501 1273 senatus
507 1200 663 1296 ,tegulas
676 1203 802 1272 Locros
816 1203 1033 1322 reportandas
1046 1207 1194 1294 curavit,

121 1311 313 1404 decretique
336 1309 666 1403 circumspectissime
681 1301 858 1379 sanctitate
870 1311 1007 1404 impium
1023 1335 1106 1404 opus
1123 1335 1195 1380 cen·

123 1418 206 1486 soris
229 1417 380 1484 retexuit.

177 1547 238 1592 ιι.
264 1525 348 1590 Tam
372 1546 425 1591 me
448 1520 583 1590 hercule
611 1545 712 1615 quam
730 1523 772 1609 Q.
794 1505 969 1591 Pleminii³
972 1575 982 1609 ,
1005 1520 1103 1615 legati
1123 1523 1192 1592 Sci·

165 1746 188 1776 1.
212 1723 326 1792 Tegadas.
342 1721 391 1774 His
408 1721 493 1790 tegulis
510 1720 578 1774 illud
588 1722 636 1774 mi·
680 1722 709 1774 in
724 1742 899 1777 omnemeam
914 1743 989 1776 oram
1002 1737 1151 1796 portarent,
1165 1737 1192 1780 et

124 1802 207 1856 raculi
230 1803 310 1854 fuisse
333 1801 508 1874 perbihetur,
543 1814 587 1867 ut,
614 1801 636 1856 si
680 1801 801 1855 similiter
814 1802 876 1856 inde
889 1804 1051 1874 paratissima
1067 1803 1191 1860 adJuno·

124 1882 182 1952 quis
197 1883 271 1934 ferro
291 1881 320 1954 in
336 1882 422 1952 tegula
440 1881 532 1952 templi
555 1881 636 1952 ipsius
679 1883 720 1934 nis
734 1884 863 1953 templum
873 1883 1192 1938 subvectio-Fortunae

125 1981 224 2014 nomen
238 1958 382 2027 incideret,
392 1974 446 2014 tam
459 1958 506 2012 diu
517 1961 561 2013 illa
573 1962 636 2014 scri-
680 1963 815 2033 Equcstn's.
825 1963 892 2028 Quae
900 1962 1017 2016 insidens
1028 1983 1096 2034 equo
1111 1965 1192 2037 tinge·

125 2053 203 2112 ptura
219 2054 352 2105 maneret,
366 2058 445 2112 quem
461 2039 509 2092 diu
522 2041 637 2107 viveret,
679 2040 768 2095 batur.
779 2041 844 2094 Erat
853 2054 940 2094 autem
950 2055 976 2095 et
985 2043 1115 2114 templum
1125 2043 1189 2098 For·-

125 2122 171 2192 qui
188 2118 334 2174 incidisset.
345 2119 410 2174 vid.
425 2120 532 2174 Servius
547 2119 580 2173 ed
593 2122 637 2173 111
681 2132 747 2173 turice
761 2122 874 2174 Plebeiae.
892 2121 956 2174 Vid.
973 2122 1050 2174 infre.

125 2199 232 2255 AEneid.
242 2201 394 2252 -Lacinia
407 2199 484 2263 June,
504 2200 546 2253 vel
559 2219 574 2252 a
586 2201 636 2252 Le·
723 2220 748 2253 a.
760 2195 838 2254 'Casa
853 2202 939 2254 Immo
953 2201 1089 2272 sacrilegio
1103 2215 1191 2255 motus

124 2280 196 2332 cinio
220 2280 323 2332 latrone
343 2278 431 2345 dicta,
451 2280 499 2351 qui
521 2292 637 2332 extrema
680 2278 733 2332 suit
755 2293 879 2346 senatus,
903 2295 933 2334 ut
954 2282 1047 2352 tegulae
1071 2294 1191 2352 reporta·

126 2359 494 2430 Italiaeinlestaverat2quem
509 2359 637 2412 Hercules
680 2371 782 2413 rentur.
802 2393 841 2404 -
861 2361 935 2412 Locri
954 2363 1017 2414 urbs
1033 2374 1072 2414 est
1090 2380 1191 2434 magnae

125 2456 207 2510 quum
228 2437 384 2504 occidisset,
404 2438 438 2491 ad
459 2439 638 2510 expiationem
680 2439 812 2505 Graeciae,
837 2458 917 2510 quam
951 2442 1081 2494 coloniam
1112 2441 1191 2495 fuisse

125 2518 176 2572 loci
191 2517 402 2590 placendemque
415 2519 566 2583 Junonem,
578 2535 638 2589 qne
680 2519 830 2573 Locrorum
847 2519 876 2572 in
894 2520 996 2573 Graecia
1018 2532 1128 2574 constet.
1150 2553 1191 2565 -—

126 2597 176 2652 sibi
186 2599 254 2652 irata
262 2597 446 2663 dicebatur‚ei
456 2597 586 2669 templum
593 2596 639 2651 de·
680 2597 822 2652 Sanctitate.
846 2600 953 2652 Rectius
974 2600 1062 2652 forsan
1081 2601 1191 2670 legimus

126 2676 279 2742 dicavit‚et
292 2697 306 2728 a
320 2678 424 2730 latrone
435 2679 571 2730 lunonem
586 2678 637 2731 La·
680 2681 810 2730 sanctione.
838 2679 950 2730 Decreta
974 2679 1045 2730 enim
1071 2697 1100 2731 ec
1121 2680 1190 2750 leges

127 2758 224 2810 siniam
248 2756 389 2828 appellavit
405 2774 413 2810 ι
427 2757 470 2810 vel
494 2776 510 2809 a
527 2757 637 2810 Lacinio
680 2757 861 2809 sanctionibus
875 2755 1032 2827 quibusdam
1047 2757 1147 2821 firmari
1161 2777 1190 2811 ac

126 2837 313 2910 promontorio
328 2836 357 2887 in
372 2849 441 2888 terra
454 2836 638 2888 Locrensium.
681 2835 782 2888 muniri
789 2835 924 2900 solebant;
935 2836 1038 2890 scil.vel
1050 2855 1134 2907 poenae
1142 2838 1190 2890 ali·
1241 2833 1245 2848 ‘

127 2916 252 2970 Valerius
264 2913 637 2980 innuerevidetur,illudJu·
681 2917 756 2985 cujus
779 2913 941 2985 adjectione,
956 2916 999 2966 vel
1021 2914 1191 2970 adversarum

127 2997 206 3049 nonis
228 2996 357 3066 templum
376 2994 456 3048 fuisse
473 2994 574 3047 Locris.
591 2993 638 3044 Li·
681 2994 791 3046 aliarum
801 2994 889 3062 legum
900 2993 1079 3064 derogatione.
1091 3028 1130 3038 -
1144 2997 1191 3048 Re-

126 3077 185 3130 rius
208 3087 298 3128 autem
320 3075 368 3127 lib.
390 3074 523 3139 XXXIV,
541 3074 638 3128 Croto-
682 3077 765 3126 tenuit.
775 3073 879 3127 Delevit
887 3093 917 3126 ac
925 3073 1083 3127 emendavit.
1096 3076 1193 3131 Trans·

127 3175 182 3209 nac.
176 3173 182 3186 ·
192 3152 279 3208 aliiad
286 3155 431 3208 Crotonem
441 3153 522 3206 fuisse
533 3154 637 3206 volunt.
682 3153 748 3206 latio
763 3165 847 3206 sumta
867 3173 881 3206 a
898 3155 1043 3208 textoribus
1052 3173 1129 3209 :nem
1145 3157 1192 3229 qui

128 3234 192 3288 vid.
203 3233 314 3298 Strabo,
323 3234 380 3299 VI;
391 3233 526 3286 Theocrit.
540 3230 577 3286 id.
588 3233 638 3296 IV,
683 3246 774 3287 texunt
787 3233 875 3298 filas
867 3253 896 3287 m
910 3233 1033 3286 ordinem
1051 3235 1192 3307 redigunt,

128 3333 153 3368 v.
164 3315 213 3374 33,
224 3313 314 3384 ibique
325 3272 408 3366 sobbl.
421 3312 448 3365 Si
461 3325 577 3377 constet,
587 3313 638 3364 Le·
682 3314 803 3383 quivero
814 3325 953 3408 retexunt,
966 3333 1032 3386 opus
1046 3314 1143 3370 delent.
1152 3348 1192 3360 -

128 3395 203 3448 ciniae
217 3393 333 3446 Junonis
351 3392 552 3445 celeberrimum
573 3405 638 3445 tem·
683 3396 733 3446 An.
762 3395 797 3447 U
819 3369 888 3463 579.
905 3393 963 3446 Liv.
980 3395 1073 3461 XLII,
1093 3396 1124 3461 3·
1141 3396 1192 3449 La·

127 3474 203 3544 plum
216 3491 273 3526 non
283 3471 485 3538 Locris,sedad
494 3473 639 3527 Crotonem
683 3485 764 3528 etant.
781 3473 824 3536 Π,
840 3492 866 3543 7.

128 3553 275 3618 suisse‚vix
284 3571 409 3623 passuum
419 3551 536 3605 millibus
547 3570 591 3606 sex
601 3549 640 3604 di·
726 3553 752 3606 3.
763 3553 796 3622 Q.
804 3552 924 3605 Plema'm'i.
932 3553 1093 3606 Pleminium
1102 3554 1193 3607 Locris

130 3645 214 3697 stens3
228 3651 290 3686 sane
300 3632 379 3684 lectio
393 3634 445 3684 loco
455 3632 497 3684 vel
506 3633 571 3684 illico
584 3649 640 3684 me·
684 3651 745 3686 cum
756 3630 879 3704 pracsidio
895 3651 962 3685 rom.
977 3633 1129 3703 prefecerat
1137 3633 1194 3686 Sci·

130 3711 179 3764 lior
191 3711 313 3776 videtur,
327 3730 405 3783 ιῙιιιιιι
420 3713 501 3782 vulgo
515 3724 640 3782 recepta:
684 3712 739 3783 pio.
751 3712 941 3782 Atille‚quum
950 3713 1096 3766 multorum
1107 3731 1193 3766 exem·
1240 3711 1243 3715 ⁴

131 3793 230 3862 tegulas
242 3793 331 3844 Locros
343 3790 516 3862 reportandas
530 3791 641 3844 curavit.
684 3793 746 3862 plo,
757 3791 803 3862 qni
815 3791 923 3844 avaritia
939 3790 1013 3844 ducti
1029 3805 1068 3844 tot
1083 3794 1150 3845 mala
1166 3793 1194 3846 in

132 3871 181 3924 Sed
195 3872 351 3923 Gronovius
365 3872 529 3942 suspicatur:
544 3872 643 3923 Locros
685 3871 835 3941 provincias
847 3885 1046 3942 congesserunt,
1056 3885 1087 3925 ut
1098 3874 1194 3924 Roma-

88 4001 93 4020 ,
132 3951 281 4012 nominasse
296 3951 449 4014 Valerium,
464 3949 538 4021 quod
548 3970 580 4002 eo
602 3968 642 4004 es·
686 3953 715 4004 ni
727 3953 760 4003 ab
768 3951 887 4004 hostibus
896 3952 940 4004 vix
952 3950 1065 4004 discerni
1074 3965 1194 4023 possent,

132 4043 170 4082 set
181 4028 413 4083 commodissimus
426 4043 452 4082 et
462 4031 643 4101 frequentissi·
687 4031 803 4102 plurima
814 4031 930 4084 facinora
940 4031 969 4084 in
983 4033 1125 4084 Locrenses
1139 4029 1195 4102 edi·

135 4125 191 4164 teus
213 4109 339 4182 appulsus
354 4109 479 4176 navibus,
498 4129 556 4181 quae
578 4107 645 4180 quid
689 4108 782 4190 disset,
799 4111 927 4181 templum
939 4129 1045 4215 quoune
1061 4110 1196 4182 Proserpi·
1276 4184 1278 4188 ι

993 4217 1012 4260 2
