2864 4994
271 417 316 492 16
477 413 701 489 VALERII
733 411 939 486 MAXIMI
967 415 1064 487 LIB.
1098 417 1126 486 1.

262 552 422 648 repertis,
438 575 580 646 quarum
592 551 627 619 in
646 548 749 620 altera
765 551 929 644 scriptura
945 549 1114 620 indicabat
1129 573 1251 646 corpus
1268 545 1336 622 Nu‘

263 685 326 728 mae
347 657 516 752 Pompilii,
531 659 711 751 Pomponis
725 656 801 743 filii,
816 656 931 745 brisse3
951 658 985 726 in
1007 657 1110 726 altera
1128 655 1203 726 libri
1218 681 1333 728 recon-

263 765 324 834 diti
341 779 436 834 erant
453 765 563 833 Latini
582 777 708 857 septem
733 762 774 831 de
789 763 864 856 jure
882 761 1078 857 pontificum
1089 762 1112 852 ¹,
1133 763 1336 859 totidemque
1412 793 1413 802 ¹

264 872 374 942 Graeci
396 869 438 940 de
459 869 629 964 disciplina
651 870 817 965 sapientiae
837 894 844 938 ε
868 871 1005 940 Latinos
1027 893 1149 964 magna
1166 869 1335 965 diligentia

263 977 486 1046 adservandos
504 991 725 1045 curaverunt:
739 977 893 1064 Graecos,
914 977 990 1070 quia
1005 975 1115 1070 aliqua
1127 1001 1168 1044 ex
1182 969 1279 1071 parte
1293 978 1335 1048 ad

262 1082 455 1153 solvendam
465 1082 658 1178 religionem
671 1083 835 1177 pertinere
847 1082 1189 1171 existimabantur‚Q.
1201 1081 1335 1154 Petilius
1413 1079 1414 1108 ³

261 1204 385 1286 praetor
406 1190 554 1259 urbanus
575 1214 617 1258 cx
642 1189 839 1258 auctoritate
866 1203 1000 1258 senatus
1021 1214 1084 1283 per
1104 1189 1335 1279 victimarios²‚

261 1297 338 1392 igne
355 1297 461 1385 facto,
478 1298 511 1365 in
530 1310 712 1389 conspectu
727 1294 843 1390 populi
857 1297 1026 1365 cremavit.
1043 1292 1233 1365 Noluerunt
1246 1297 1334 1366 enim

261 1404 362 1499 prisci
382 1405 446 1471 viri
465 1401 643 1497 quidquam
666 1403 701 1470 in
719 1401 783 1470 hac
802 1404 962 1470 asservari
980 1402 1129 1490 civitate,
1149 1427 1215 1497 quo
1234 1404 1334 1472 animi

260 1510 435 1579 hominum
455 1533 476 1576 a
496 1508 635 1576 deorum
659 1507 751 1577 cultu
770 1523 999 1578 avocarentur.

321 1613 377 1684 13.
396 1599 617 1708 Tarquinius³
638 1628 749 1684 autern
771 1638 830 1682 rex
851 1617 900 1684 Μ.
921 1613 1065 1684 Tullium
1087 1614 1333 1703 Duumvirum,

261 1720 352 1815 quod
372 1720 493 1789 librum
508 1735 635 1790 secreta
656 1719 800 1791 civilium
817 1735 988 1791 sacrorum
1007 1722 1254 1808 continentem,
1277 1745 1333 1790 cu·

262 1827 377 1898 stodiae
404 1853 471 1896 suae
498 1829 729 1916 commissum,
755 1842 933 1923 corruptus
954 1828 1110 1897 Petronio
1131 1827 1256 1896 Sabino
1277 1827 1332 1896 de·

261 1933 472 2002 scribendum
492 1933 650 2022 dedisset,
671 1932 766 2003 culeo
782 1936 930 2003 insutum
947 1935 980 2001 in
996 1957 1087 2003 mare
1102 1933 1199 2026 abjici
1211 1933 1330 2026 jussit:
1415 1977 1416 2008 ÷

260 2039 359 2134 idque
372 2041 521 2135 supplicii
535 2064 638 2136 genus
652 2039 757 2109 multo
771 2028 868 2134 post⁴
880 2039 1052 2136 parricidis
1064 2039 1136 2135 lege
1146 2040 1331 2134 irrogatum

260 2159 319 2216 est.
343 2148 526 2216 iustissime
549 2146 704 2240 quidem;
733 2149 809 2241 quia
831 2149 904 2241 pari
928 2145 1073 2216 vindicta
1094 2158 1273 2240 parentum
1293 2170 1333 2216 ac

260 2251 400 2321 deorum
421 2251 556 2322 violatio
576 2253 739 2347 expianda
756 2267 815 2323 est.

260 2418 432 2490 scriptionem
456 2419 564 2473 habent.
592 2419 677 2471 Petilii
703 2419 771 2471 clare
818 2417 1329 2491 posteaXV‚adSyllamusque,postre·

262 2498 387 2552 exhibent
400 2499 501 2570 aliquot
514 2518 529 2551 e
543 2498 619 2552 MSS.
634 2499 769 2551 Torrenii.
818 2517 863 2551 mo
876 2499 915 2564 L,
934 2500 1045 2570 quibus,
1063 2499 1125 2552 licet
1142 2510 1220 2552 aucto
1234 2517 1329 2552 nume·
1416 2521 1417 2554 l

304 2597 329 2632 1.
345 2577 499 2648 Pontificum.
513 2579 546 2632 Ni
557 2578 651 2646 fallor,
663 2568 727 2630 libri
737 2578 771 2630 ab
817 2596 865 2646 ro,
887 2577 1099 2632 decemvirorum
1120 2590 1209 2632 tamen
1228 2595 1329 2632 nomen

261 2657 325 2730 ipsis
347 2658 518 2730 pontificibus
539 2658 567 2710 in
587 2655 706 2711 fraudem
721 2695 729 2722 ‚
744 2669 771 2710 et
817 2659 970 2729 permansit.
991 2689 1032 2701 -
1049 2658 1136 2711 Cultus
1149 2669 1206 2712 erat
1223 2659 1328 2711 corium

260 2736 295 2793 ad
316 2737 463 2809 aagendam
482 2738 602 2810 ipsorum
623 2739 771 2810 potentiam
816 2738 955 2809 lupinum,
967 2739 996 2792 in
1008 2756 1063 2809 quo
1073 2738 1169 2809 gallus,
1185 2755 1293 2808 serpens
1302 2748 1330 2790 et

259 2819 408 2890 compositi.
817 2817 906 2884 simia,
919 2835 1031 2890 quarum
1042 2819 1186 2871 bestiarum
1196 2817 1276 2870 altera
1291 2818 1329 2871 al-

303 2898 770 2970 a.Victimarios.Erantministri,qui
818 2909 901 2950 teram
913 2899 1036 2970 persequi
1056 2899 1136 2962 solet,
1157 2895 1329 2950 includeban-

259 2979 379 3032 victimas
390 2980 521 3051 ligabant,
531 2980 660 3044 cultrum,
674 2997 770 3049 aquam
816 2989 861 3030 tur
877 2996 884 3031 ε
901 2976 999 3030 deinde
1016 2978 1062 3050 qui
1078 2975 1208 3050 ejusmodi
1224 2978 1327 3048 snppli-

260 3070 287 3111 et
298 3059 396 3112 molam
407 3062 548 3130 parabant,
564 3059 667 3129 aliaque
680 3055 713 3110 ad
722 3059 772 3110 im·
816 3058 888 3110 cium
896 3058 1007 3123 meruit,
1016 3059 1119 3111 insutus
1129 3057 1193 3110 huic
1201 3058 1278 3110 culco
1285 3095 1294 3122 ,
1301 3068 1328 3109 et

259 3136 414 3190 molendum
429 3139 588 3209 pertinentia
600 3138 768 3208 praestabant.
816 3135 845 3188 in
857 3137 1009 3208 proximum
1019 3137 1199 3202 flurium,seu
1210 3137 1239 3188 in
1255 3155 1327 3190 mare

259 3218 446 3286 -Ignesccto
459 3217 501 3270 Sic
507 3217 570 3268 libri
577 3217 727 3286 Protagorre
733 3217 769 3269 ob
816 3227 855 3268 est
863 3219 1006 3288 projectus.
1018 3217 1123 3270 Primus
1135 3217 1187 3270 hoc
1195 3216 1327 3288 supplicio

260 3295 380 3350 eamdem
396 3316 501 3350 causam
515 3297 549 3348 ab
563 3296 769 3349 Atheniensibus
816 3308 856 3348 est
870 3293 987 3348 adlectus
999 3299 1090 3349 Rome
1105 3294 1244 3350 matricida
1259 3297 1327 3350 Mat-

259 3377 367 3448 publice
374 3389 436 3430 sunt
447 3377 586 3430 combusti.
594 3376 650 3431 Cic.
661 3374 695 3428 de
706 3376 732 3428 N
733 3389 766 3430 at.
815 3376 908 3429 leolus.

261 3459 343 3510 Deor.
358 3458 388 3523 1,
403 3458 448 3511 23.
462 3457 560 3509 —Am
574 3457 609 3509 U.
629 3456 694 3526 ⁵7²·
707 3457 766 3508 Liv·
857 3455 1327 3528 4.Multoport.Aliileguntmonmul·

259 3537 324 3600 XL,
341 3555 394 3606 ²93
409 3537 477 3590 Plin.
492 3537 575 3601 xlll,
592 3535 725 3602 135P1ut.
739 3536 768 3588 in
817 3548 916 3606 topost,
925 3537 1024 3590 aliinon
1035 3534 1179 3590 delendum
1190 3533 1324 3605 judicant,

260 3616 362 3677 Numa3
379 3618 452 3670 Lact.
468 3617 491 3682 1,
509 3637 553 3670 aa.
815 3616 885 3668 inter
909 3635 976 3688 quos
999 3616 1120 3688 Pighius,
1149 3613 1222 3685 quod
1248 3626 1326 3685 putat

304 3695 770 3769 3.TarquinirrsSuperbus.DionHa-
815 3695 908 3749 CCCC
935 3696 1044 3750 demum
1071 3696 1146 3747 annis
1167 3707 1228 3764 post
1250 3712 1325 3765 reges

260 3777 354 3830 licarn.
369 3777 425 3830 l.c.
438 3777 477 3830 M.
491 3777 596 3829 Atilium
608 3787 700 3840 vocat,
714 3789 768 3828 tra-
816 3776 962 3847 expulsos,
993 3789 1053 3846 post
1079 3775 1178 3826 bellum
1207 3774 1326 3827 Cimbri·

258 3856 354 3928 ditqne
366 3875 398 3909 ex
411 3857 543 3909 nobilium
555 3874 667 3908 numero
677 3856 767 3909 fuisse.
816 3873 877 3907 cum
893 3875 907 3906 a
923 3855 1010 3907 Mario
1021 3867 1135 3925 gestum,
1146 3865 1204 3906 eam
1220 3871 1326 3924 preuam

258 3969 300 3980 --
310 3938 472 3990 Duumrim
483 3938 544 3988 Duo
552 3936 670 4006 primum
681 3935 766 4002 fuere,
815 3936 895 3987 fuisse
912 3935 1060 4005 irrogatam.
1079 3933 1130 3987 Sed
1149 3934 1193 3985 alii
1210 3933 1324 3996 malunt,

256 4018 356 4089 quibus
364 4017 493 4069 librorum
502 4015 693 4086 Sibyllinorum
704 4034 768 4068 cura
815 4015 844 4066 in
857 4014 920 4085 ipsis
929 4033 1036 4087 quoque
1050 4015 1104 4066 XII
1115 4013 1222 4074 tabulis,
1235 4013 1325 4084 itaque

258 4110 300 4152 est
311 4095 484 4166 demandata,
495 4095 614 4167 patricii,
625 4093 721 4150 deinde
728 4095 767 4163 X,
816 4113 863 4146 non
875 4095 960 4150 multo
971 4089 1038 4159 (LX
1048 4095 1153 4150 circiter
1162 4090 1255 4157 annis)
1264 4103 1324 4164 post
