<?xml version="1.0" encoding="UTF-8"?>
<!DOCTYPE html PUBLIC "-//W3C//DTD XHTML 1.0 Transitional//EN"
    "http://www.w3.org/TR/xhtml1/DTD/xhtml1-transitional.dtd">
<html xmlns="http://www.w3.org/1999/xhtml" xml:lang="en" lang="en">
 <head>
  <title>
</title>
<meta http-equiv="Content-Type" content="text/html;charset=utf-8" />
  <meta name='ocr-system' content='tesseract 3.04.00' />
  <meta name='ocr-capabilities' content='ocr_page ocr_carea ocr_par ocr_line ocrx_word'/>
</head>
<body>
  <div class='ocr_page' id='page_1' title='image "bibliothecaclas96lemagoog_0059.png"; bbox 0 0 2864 4994; ppageno 0'>
   <div class='ocr_carea' id='block_1_1' title="bbox 244 474 1096 572">
    <p class='ocr_par' dir='ltr' id='par_1_1' title="bbox 244 474 1096 572">
     <span class='ocr_line' id='line_1_1' title="bbox 244 474 1096 572; baseline -0.006 -23"><span class='ocrx_word' id='word_1_1' title='bbox 244 478 294 564; x_wconf 73' lang='lat' dir='ltr'><strong>aa</strong></span> <span class='ocrx_word' id='word_1_2' title='bbox 435 476 668 546; x_wconf 79' lang='lat' dir='ltr'><strong>-vsoonu</strong></span> <span class='ocrx_word' id='word_1_3' title='bbox 700 474 906 572; x_wconf 76' lang='lat' dir='ltr'><strong>maxum</strong></span> <span class='ocrx_word' id='word_1_4' title='bbox 940 475 1036 544; x_wconf 78' lang='lat' dir='ltr'><strong>om.</strong></span> <span class='ocrx_word' id='word_1_5' title='bbox 1070 480 1096 546; x_wconf 94' lang='lat'><strong>1.</strong></span> 
     </span>
    </p>
   </div>
   <div class='ocr_carea' id='block_1_2' title="bbox 242 606 1312 1444">
    <p class='ocr_par' dir='ltr' id='par_1_2' title="bbox 242 606 1311 1126">
     <span class='ocr_line' id='line_1_2' title="bbox 242 606 1310 702; baseline 0.002 -23"><span class='ocrx_word' id='word_1_6' title='bbox 242 609 341 680; x_wconf 85' lang='lat' dir='ltr'><strong>vellet</strong></span> <span class='ocrx_word' id='word_1_7' title='bbox 355 606 378 695; x_wconf 85' lang='lat'><strong>¹,</strong></span> <span class='ocrx_word' id='word_1_8' title='bbox 387 608 586 676; x_wconf 83' lang='lat' dir='ltr'><strong>architectus</strong></span> <span class='ocrx_word' id='word_1_9' title='bbox 599 607 813 694; x_wconf 85' lang='lat' dir='ltr'>Dinocrates,</span> <span class='ocrx_word' id='word_1_10' title='bbox 823 631 926 702; x_wconf 92' lang='lat' dir='ltr'><strong>quum</strong></span> <span class='ocrx_word' id='word_1_11' title='bbox 940 623 1064 677; x_wconf 84' lang='lat' dir='ltr'><strong>cretam</strong></span> <span class='ocrx_word' id='word_1_12' title='bbox 1077 633 1145 677; x_wconf 93' lang='lat' dir='ltr'><strong>non</strong></span> <span class='ocrx_word' id='word_1_13' title='bbox 1155 609 1310 694; x_wconf 81' lang='lat' dir='ltr'><strong>haberet,</strong></span> 
     </span>
     <span class='ocr_line' id='line_1_3' title="bbox 244 711 1310 812; baseline 0.002 -28"><span class='ocrx_word' id='word_1_14' title='bbox 244 713 441 812; x_wconf 77' lang='lat' dir='ltr'>polentaque</span> <span class='ocrx_word' id='word_1_15' title='bbox 454 713 574 782; x_wconf 83' lang='lat' dir='ltr'><strong>firturae</strong></span> <span class='ocrx_word' id='word_1_16' title='bbox 587 713 678 782; x_wconf 90' lang='lat' dir='ltr'><strong>urbis</strong></span> <span class='ocrx_word' id='word_1_17' title='bbox 691 711 889 782; x_wconf 84' lang='lat' dir='ltr'><strong>lineamenta</strong></span> <span class='ocrx_word' id='word_1_18' title='bbox 897 713 1058 803; x_wconf 85' lang='lat' dir='ltr'><strong>duxisset,</strong></span> <span class='ocrx_word' id='word_1_19' title='bbox 1072 715 1187 809; x_wconf 85' lang='lat' dir='ltr'><strong>ingens</strong></span> <span class='ocrx_word' id='word_1_20' title='bbox 1198 720 1310 786; x_wconf 90' lang='lat' dir='ltr'><strong>avium</strong></span> 
     </span>
     <span class='ocr_line' id='line_1_4' title="bbox 243 817 1310 916; baseline -0.002 -24"><span class='ocrx_word' id='word_1_21' title='bbox 243 819 420 893; x_wconf 86' lang='lat' dir='ltr'><strong>multitudo</strong></span> <span class='ocrx_word' id='word_1_22' title='bbox 446 819 598 914; x_wconf 83' lang='lat' dir='ltr'><strong>proximo</strong></span> <span class='ocrx_word' id='word_1_23' title='bbox 624 817 700 886; x_wconf 90' lang='lat' dir='ltr'><strong>lacu</strong></span> <span class='ocrx_word' id='word_1_24' title='bbox 723 843 851 888; x_wconf 72' lang='lat' dir='ltr'><strong>emema</strong></span> <span class='ocrx_word' id='word_1_25' title='bbox 875 818 1042 916; x_wconf 81' lang='lat' dir='ltr'>polentam</span> <span class='ocrx_word' id='word_1_26' title='bbox 1070 820 1206 915; x_wconf 87' lang='lat' dir='ltr'><strong>depasta</strong></span> <span class='ocrx_word' id='word_1_27' title='bbox 1228 838 1310 892; x_wconf 87' lang='lat' dir='ltr'><strong>est:</strong></span> 
     </span>
     <span class='ocr_line' id='line_1_5' title="bbox 243 925 1311 1022; baseline -0.001 -25"><span class='ocrx_word' id='word_1_28' title='bbox 243 927 332 1022; x_wconf 93' lang='lat' dir='ltr'><strong>quod</strong></span> <span class='ocrx_word' id='word_1_29' title='bbox 348 925 533 994; x_wconf 84' lang='lat' dir='ltr'><strong>sacerdotes</strong></span> <span class='ocrx_word' id='word_1_30' title='bbox 544 926 773 1018; x_wconf 84' lang='lat' dir='ltr'><strong>AEgyptiorum</strong></span> <span class='ocrx_word' id='word_1_31' title='bbox 788 927 994 1020; x_wconf 86' lang='lat' dir='ltr'><strong>interpretati</strong></span> <span class='ocrx_word' id='word_1_32' title='bbox 1006 940 1097 1014; x_wconf 88' lang='lat' dir='ltr'><strong>sunt,</strong></span> <span class='ocrx_word' id='word_1_33' title='bbox 1106 926 1311 996; x_wconf 89' lang='lat' dir='ltr'><strong>advenarum</strong></span> 
     </span>
     <span class='ocr_line' id='line_1_6' title="bbox 243 1030 997 1126; baseline -0.004 -24"><span class='ocrx_word' id='word_1_34' title='bbox 243 1033 436 1126; x_wconf 75' lang='lat' dir='ltr'><strong>frequentiae</strong></span> <span class='ocrx_word' id='word_1_35' title='bbox 454 1030 615 1099; x_wconf 81' lang='lat' dir='ltr'><strong>alimentis</strong></span> <span class='ocrx_word' id='word_1_36' title='bbox 638 1030 853 1100; x_wconf 87' lang='lat' dir='ltr'><strong>suffecturam</strong></span> <span class='ocrx_word' id='word_1_37' title='bbox 869 1031 997 1100; x_wconf 87' lang='lat' dir='ltr'><strong>urbem.</strong></span> 
     </span>
    </p>

    <p class='ocr_par' dir='ltr' id='par_1_3' title="bbox 242 1134 1312 1444">
     <span class='ocr_line' id='line_1_7' title="bbox 298 1134 1311 1232; baseline 0 -24"><span class='ocrx_word' id='word_1_38' title='bbox 298 1165 330 1208; x_wconf 80' lang='lat' dir='ltr'><strong>a.</strong></span> <span class='ocrx_word' id='word_1_39' title='bbox 347 1134 524 1230; x_wconf 85' lang='lat' dir='ltr'><strong>Dejotaro²</strong></span> <span class='ocrx_word' id='word_1_40' title='bbox 539 1161 620 1206; x_wconf 85' lang='lat' dir='ltr'><strong>veno</strong></span> <span class='ocrx_word' id='word_1_41' title='bbox 638 1138 708 1230; x_wconf 85' lang='lat' dir='ltr'><strong>regi</strong></span> <span class='ocrx_word' id='word_1_42' title='bbox 722 1140 834 1206; x_wconf 90' lang='lat' dir='ltr'><strong>omnia</strong></span> <span class='ocrx_word' id='word_1_43' title='bbox 851 1138 919 1207; x_wconf 84' lang='lat' dir='ltr'><strong>iere</strong></span> <span class='ocrx_word' id='word_1_44' title='bbox 933 1140 1102 1232; x_wconf 87' lang='lat' dir='ltr'><strong>auspicato</strong></span> <span class='ocrx_word' id='word_1_45' title='bbox 1119 1141 1246 1232; x_wconf 87' lang='lat' dir='ltr'><strong>gerenti</strong></span> <span class='ocrx_word' id='word_1_46' title='bbox 1264 1163 1311 1208; x_wconf 92' lang='lat' dir='ltr'><strong>sa-</strong></span> 
     </span>
     <span class='ocr_line' id='line_1_8' title="bbox 242 1241 1312 1338; baseline 0.001 -25"><span class='ocrx_word' id='word_1_47' title='bbox 242 1245 356 1313; x_wconf 90' lang='lat' dir='ltr'><strong>lutaris</strong></span> <span class='ocrx_word' id='word_1_48' title='bbox 368 1241 484 1337; x_wconf 88' lang='lat' dir='ltr'><strong>aquilae</strong></span> <span class='ocrx_word' id='word_1_49' title='bbox 499 1257 695 1336; x_wconf 89' lang='lat' dir='ltr'><strong>conspectus</strong></span> <span class='ocrx_word' id='word_1_50' title='bbox 707 1243 785 1312; x_wconf 89' lang='lat' dir='ltr'><strong>fuit:</strong></span> <span class='ocrx_word' id='word_1_51' title='bbox 796 1269 861 1337; x_wconf 90' lang='lat' dir='ltr'><strong>qua</strong></span> <span class='ocrx_word' id='word_1_52' title='bbox 872 1246 959 1331; x_wconf 85' lang='lat' dir='ltr'><strong>visa,</strong></span> <span class='ocrx_word' id='word_1_53' title='bbox 970 1243 1127 1313; x_wconf 88' lang='lat' dir='ltr'><strong>abstinuit</strong></span> <span class='ocrx_word' id='word_1_54' title='bbox 1138 1269 1171 1314; x_wconf 90' lang='lat' dir='ltr'><strong>se</strong></span> <span class='ocrx_word' id='word_1_55' title='bbox 1184 1246 1227 1313; x_wconf 87' lang='lat' dir='ltr'><strong>ab</strong></span> <span class='ocrx_word' id='word_1_56' title='bbox 1240 1247 1312 1338; x_wconf 84' lang='lat' dir='ltr'><strong>ejus</strong></span> 
     </span>
     <span class='ocr_line' id='line_1_9' title="bbox 243 1348 1311 1444; baseline 0.001 -24"><span class='ocrx_word' id='word_1_57' title='bbox 243 1352 320 1420; x_wconf 90' lang='lat' dir='ltr'><strong>tecti</strong></span> <span class='ocrx_word' id='word_1_58' title='bbox 332 1375 411 1436; x_wconf 85' lang='lat' dir='ltr'><strong>usu,</strong></span> <span class='ocrx_word' id='word_1_59' title='bbox 424 1348 530 1442; x_wconf 88' lang='lat' dir='ltr'><strong>quod,</strong></span> <span class='ocrx_word' id='word_1_60' title='bbox 544 1363 642 1418; x_wconf 84' lang='lat' dir='ltr'><strong>nocte</strong></span> <span class='ocrx_word' id='word_1_61' title='bbox 655 1350 857 1442; x_wconf 64' lang='lat' dir='ltr'><strong>insequenti3</strong></span> <span class='ocrx_word' id='word_1_62' title='bbox 875 1351 970 1419; x_wconf 91' lang='lat' dir='ltr'><strong>ruina</strong></span> <span class='ocrx_word' id='word_1_63' title='bbox 985 1349 1054 1420; x_wconf 92' lang='lat' dir='ltr'><strong>solo</strong></span> <span class='ocrx_word' id='word_1_64' title='bbox 1070 1366 1235 1444; x_wconf 88' lang='lat' dir='ltr'><strong>aequatum</strong></span> <span class='ocrx_word' id='word_1_65' title='bbox 1251 1366 1311 1421; x_wconf 76' lang='lat' dir='ltr'><strong>est.</strong></span> 
     </span>
    </p>
   </div>
   <div class='ocr_carea' id='block_1_3' title="bbox 607 1547 937 1641">
    <p class='ocr_par' dir='ltr' id='par_1_4' title="bbox 607 1547 937 1641">
     <span class='ocr_line' id='line_1_10' title="bbox 607 1547 937 1641; baseline -0.003 -1"><span class='ocrx_word' id='word_1_66' title='bbox 607 1547 847 1640; x_wconf 74' lang='lat' dir='ltr'><strong>CAPUT</strong></span> <span class='ocrx_word' id='word_1_67' title='bbox 886 1555 937 1641; x_wconf 88' lang='lat' dir='ltr'><strong>V.</strong></span> 
     </span>
    </p>
   </div>
   <div class='ocr_carea' id='block_1_4' title="bbox 462 1717 1095 1808">
    <p class='ocr_par' dir='ltr' id='par_1_5' title="bbox 462 1717 1095 1808">
     <span class='ocr_line' id='line_1_11' title="bbox 462 1717 1095 1808; baseline -0.002 -24"><span class='ocrx_word' id='word_1_68' title='bbox 462 1719 510 1784; x_wconf 83' lang='lat' dir='ltr'><strong>De</strong></span> <span class='ocrx_word' id='word_1_69' title='bbox 527 1719 679 1782; x_wconf 80' lang='lat' dir='ltr'><strong>onaint&#39;bus</strong></span> <span class='ocrx_word' id='word_1_70' title='bbox 695 1741 768 1808; x_wconf 80' lang='lat' dir='ltr'><strong>quoe</strong></span> <span class='ocrx_word' id='word_1_71' title='bbox 791 1742 935 1806; x_wconf 81' lang='lat' dir='ltr'><strong>accepere</strong></span> <span class='ocrx_word' id='word_1_72' title='bbox 950 1717 1095 1783; x_wconf 82' lang='lat' dir='ltr'><strong>Romani.</strong></span> 
     </span>
    </p>
   </div>
   <div class='ocr_carea' id='block_1_5' title="bbox 244 1845 1316 2083">
    <p class='ocr_par' dir='ltr' id='par_1_6' title="bbox 244 1845 1316 2083">
     <span class='ocr_line' id='line_1_12' title="bbox 244 1845 1315 1908; baseline -0.002 -12"><span class='ocrx_word' id='word_1_73' title='bbox 244 1866 263 1896; x_wconf 84' lang='lat' dir='ltr'><strong>s.</strong></span> <span class='ocrx_word' id='word_1_74' title='bbox 280 1851 359 1894; x_wconf 83' lang='lat' dir='ltr'><strong>Patres</strong></span> <span class='ocrx_word' id='word_1_75' title='bbox 373 1847 504 1908; x_wconf 84' lang='lat' dir='ltr'><strong>conscripti.</strong></span> <span class='ocrx_word' id='word_1_76' title='bbox 518 1874 549 1884; x_wconf 90' lang='lat'>—</span> <span class='ocrx_word' id='word_1_77' title='bbox 558 1862 579 1893; x_wconf 82' lang='lat' dir='ltr'><strong>a.</strong></span> <span class='ocrx_word' id='word_1_78' title='bbox 591 1849 625 1893; x_wconf 87' lang='grc' dir='ltr'><strong>Μ.</strong></span> <span class='ocrx_word' id='word_1_79' title='bbox 640 1847 722 1893; x_wconf 80' lang='lat' dir='ltr'><strong>Furius</strong></span> <span class='ocrx_word' id='word_1_80' title='bbox 734 1847 844 1893; x_wconf 81' lang='lat' dir='ltr'><strong>Camillus</strong></span> <span class='ocrx_word' id='word_1_81' title='bbox 854 1845 961 1893; x_wconf 88' lang='lat' dir='ltr'><strong>dictator.</strong></span> <span class='ocrx_word' id='word_1_82' title='bbox 973 1873 1004 1881; x_wconf 92' lang='lat'><em>-</em></span> <span class='ocrx_word' id='word_1_83' title='bbox 1016 1847 1037 1892; x_wconf 78' lang='lat'><strong>3.</strong></span> <span class='ocrx_word' id='word_1_84' title='bbox 1049 1849 1076 1894; x_wconf 72' lang='lat'><strong>1..</strong></span> <span class='ocrx_word' id='word_1_85' title='bbox 1090 1847 1203 1894; x_wconf 77' lang='lat' dir='ltr'><strong>AEmilins</strong></span> <span class='ocrx_word' id='word_1_86' title='bbox 1217 1849 1315 1894; x_wconf 81' lang='lat' dir='ltr'><strong>Paullus</strong></span> 
     </span>
     <span class='ocr_line' id='line_1_13' title="bbox 273 1927 1315 1990; baseline -0.002 -14"><span class='ocrx_word' id='word_1_87' title='bbox 273 1945 322 1976; x_wconf 85' lang='lat' dir='ltr'><strong>cos.</strong></span> <span class='ocrx_word' id='word_1_88' title='bbox 334 1953 366 1963; x_wconf 93' lang='lat'><em>-</em></span> <span class='ocrx_word' id='word_1_89' title='bbox 374 1936 397 1984; x_wconf 75' lang='grc'><strong>4.</strong></span> <span class='ocrx_word' id='word_1_90' title='bbox 405 1929 497 1976; x_wconf 69' lang='lat' dir='ltr'><strong>Caecilia</strong></span> <span class='ocrx_word' id='word_1_91' title='bbox 510 1928 608 1975; x_wconf 76' lang='lat' dir='ltr'><strong>Metelli.</strong></span> <span class='ocrx_word' id='word_1_92' title='bbox 619 1953 650 1963; x_wconf 88' lang='lat'><strong>—-</strong></span> <span class='ocrx_word' id='word_1_93' title='bbox 663 1927 686 1974; x_wconf 81' lang='lat'><strong>5.</strong></span> <span class='ocrx_word' id='word_1_94' title='bbox 696 1929 724 1975; x_wconf 87' lang='lat' dir='ltr'><strong>C.</strong></span> <span class='ocrx_word' id='word_1_95' title='bbox 733 1928 821 1972; x_wconf 81' lang='lat' dir='ltr'><strong>Marius</strong></span> <span class='ocrx_word' id='word_1_96' title='bbox 832 1927 906 1973; x_wconf 82' lang='lat' dir='ltr'><strong>exsul.</strong></span> <span class='ocrx_word' id='word_1_97' title='bbox 926 1952 958 1962; x_wconf 84' lang='lat'><em>-</em></span> <span class='ocrx_word' id='word_1_98' title='bbox 967 1927 990 1972; x_wconf 89' lang='lat'><strong>6.</strong></span> <span class='ocrx_word' id='word_1_99' title='bbox 1008 1928 1052 1973; x_wconf 90' lang='lat' dir='ltr'><strong>Cn.</strong></span> <span class='ocrx_word' id='word_1_100' title='bbox 1068 1929 1191 1989; x_wconf 81' lang='lat' dir='ltr'><strong>Pompeius</strong></span> <span class='ocrx_word' id='word_1_101' title='bbox 1210 1929 1315 1990; x_wconf 82' lang='lat' dir='ltr'><strong>Magnus</strong></span> 
     </span>
     <span class='ocr_line' id='line_1_14' title="bbox 270 2006 1316 2083; baseline -0.003 -28"><span class='ocrx_word' id='word_1_102' title='bbox 270 2023 366 2070; x_wconf 80' lang='lat' dir='ltr'><strong>procos.</strong></span> <span class='ocrx_word' id='word_1_103' title='bbox 380 2032 409 2044; x_wconf 87' lang='lat'>-</span> <span class='ocrx_word' id='word_1_104' title='bbox 424 2023 447 2067; x_wconf 83' lang='lat'><strong>7.</strong></span> <span class='ocrx_word' id='word_1_105' title='bbox 462 2009 497 2054; x_wconf 86' lang='grc' dir='ltr'><strong>Μ.</strong></span> <span class='ocrx_word' id='word_1_106' title='bbox 509 2010 594 2053; x_wconf 82' lang='lat' dir='ltr'><strong>Brutus</strong></span> <span class='ocrx_word' id='word_1_107' title='bbox 611 2021 702 2083; x_wconf 55' lang='lat' dir='ltr'><strong>procu.</strong></span> <span class='ocrx_word' id='word_1_108' title='bbox 713 2031 745 2040; x_wconf 90' lang='lat'><em>-</em></span> <span class='ocrx_word' id='word_1_109' title='bbox 756 2007 778 2052; x_wconf 81' lang='lat'><strong>8.</strong></span> <span class='ocrx_word' id='word_1_110' title='bbox 792 2006 818 2052; x_wconf 88' lang='lat' dir='ltr'><strong>C.</strong></span> <span class='ocrx_word' id='word_1_111' title='bbox 832 2006 925 2052; x_wconf 81' lang='lat' dir='ltr'><strong>Cassius</strong></span> <span class='ocrx_word' id='word_1_112' title='bbox 938 2021 1029 2067; x_wconf 86' lang='lat' dir='ltr'><strong>procos.</strong></span> <span class='ocrx_word' id='word_1_113' title='bbox 1042 2032 1073 2043; x_wconf 85' lang='lat'><em>-</em></span> <span class='ocrx_word' id='word_1_114' title='bbox 1086 2021 1108 2068; x_wconf 69' lang='lat' dir='ltr'><strong>q</strong></span> <span class='ocrx_word' id='word_1_115' title='bbox 1121 2009 1150 2064; x_wconf 88' lang='lat' dir='ltr'><strong>Q.</strong></span> <span class='ocrx_word' id='word_1_116' title='bbox 1160 2008 1258 2054; x_wconf 81' lang='lat' dir='ltr'><strong>Petilius</strong></span> <span class='ocrx_word' id='word_1_117' title='bbox 1267 2023 1316 2054; x_wconf 83' lang='lat' dir='ltr'><strong>cos.</strong></span> 
     </span>
    </p>
   </div>
   <div class='ocr_carea' id='block_1_6' title="bbox 461 2129 1090 2322">
    <p class='ocr_par' dir='ltr' id='par_1_7' title="bbox 461 2129 1090 2322">
     <span class='ocr_line' id='line_1_15' title="bbox 461 2129 1090 2218; baseline 0 -25"><span class='ocrx_word' id='word_1_118' title='bbox 461 2131 507 2193; x_wconf 83' lang='lat' dir='ltr'><strong>De</strong></span> <span class='ocrx_word' id='word_1_119' title='bbox 523 2130 675 2194; x_wconf 83' lang='lat' dir='ltr'><strong>ominibus</strong></span> <span class='ocrx_word' id='word_1_120' title='bbox 689 2152 762 2217; x_wconf 82' lang='lat' dir='ltr'><strong>quoe</strong></span> <span class='ocrx_word' id='word_1_121' title='bbox 781 2151 924 2218; x_wconf 82' lang='lat' dir='ltr'><strong>accepere</strong></span> <span class='ocrx_word' id='word_1_122' title='bbox 940 2129 1090 2194; x_wconf 80' lang='lat' dir='ltr'><strong>Externi.</strong></span> 
     </span>
     <span class='ocr_line' id='line_1_16' title="bbox 564 2241 1038 2322; baseline 0.004 -16"><span class='ocrx_word' id='word_1_123' title='bbox 564 2277 585 2306; x_wconf 84' lang='lat'><strong>1.</strong></span> <span class='ocrx_word' id='word_1_124' title='bbox 599 2261 742 2307; x_wconf 80' lang='lat' dir='ltr'><strong>Prienenses.</strong></span> <span class='ocrx_word' id='word_1_125' title='bbox 751 2286 783 2296; x_wconf 94' lang='lat'><em>-</em></span> <span class='ocrx_word' id='word_1_126' title='bbox 791 2275 815 2307; x_wconf 84' lang='lat' dir='ltr'><strong>a.</strong></span> <span class='ocrx_word' id='word_1_127' title='bbox 825 2261 988 2322; x_wconf 71' lang='lat' dir='ltr'><strong>apolloniatae.</strong></span> <span class='ocrx_word' id='word_1_128' title='bbox 1032 2241 1038 2252; x_wconf 46' lang='grc' dir='ltr'>Ι</span> 
     </span>
    </p>
   </div>
   <div class='ocr_carea' id='block_1_7' title="bbox 343 2397 1192 2474">
    <p class='ocr_par' dir='ltr' id='par_1_8' title="bbox 343 2397 1192 2474">
     <span class='ocr_line' id='line_1_17' title="bbox 343 2397 1192 2474; baseline 0.001 -11"><span class='ocrx_word' id='word_1_129' title='bbox 343 2410 395 2464; x_wconf 89' lang='lat' dir='ltr'><strong>DE</strong></span> <span class='ocrx_word' id='word_1_130' title='bbox 420 2397 642 2462; x_wconf 83' lang='lat' dir='ltr'><strong>OMINIBUS³</strong></span> <span class='ocrx_word' id='word_1_131' title='bbox 662 2408 756 2474; x_wconf 82' lang='lat' dir='ltr'><strong>QUAE</strong></span> <span class='ocrx_word' id='word_1_132' title='bbox 780 2408 994 2462; x_wconf 78' lang='lat' dir='ltr'>ACCEPERE</span> <span class='ocrx_word' id='word_1_133' title='bbox 1017 2409 1192 2464; x_wconf 82' lang='lat' dir='ltr'><strong>ROMANI.</strong></span> 
     </span>
    </p>
   </div>
   <div class='ocr_carea' id='block_1_8' title="bbox 243 2531 1317 2944">
    <p class='ocr_par' dir='ltr' id='par_1_9' title="bbox 243 2531 1317 2820">
     <span class='ocr_line' id='line_1_18' title="bbox 303 2531 1317 2630; baseline 0 -24"><span class='ocrx_word' id='word_1_134' title='bbox 303 2559 332 2606; x_wconf 92' lang='lat'><strong>1.</strong></span> <span class='ocrx_word' id='word_1_135' title='bbox 353 2535 513 2604; x_wconf 89' lang='lat' dir='ltr'><strong>Ominum</strong></span> <span class='ocrx_word' id='word_1_136' title='bbox 531 2534 630 2601; x_wconf 88' lang='lat' dir='ltr'><strong>etiam</strong></span> <span class='ocrx_word' id='word_1_137' title='bbox 648 2533 835 2602; x_wconf 87' lang='lat' dir='ltr'><strong>observatio</strong></span> <span class='ocrx_word' id='word_1_138' title='bbox 849 2531 960 2626; x_wconf 92' lang='lat' dir='ltr'><strong>aliquo</strong></span> <span class='ocrx_word' id='word_1_139' title='bbox 978 2548 1134 2602; x_wconf 90' lang='lat' dir='ltr'><strong>contactu</strong></span> <span class='ocrx_word' id='word_1_140' title='bbox 1145 2533 1317 2630; x_wconf 86' lang='lat' dir='ltr'><strong>religionis</strong></span> 
     </span>
     <span class='ocr_line' id='line_1_19' title="bbox 243 2637 1315 2736; baseline -0.002 -23"><span class='ocrx_word' id='word_1_141' title='bbox 243 2647 362 2714; x_wconf 87' lang='lat' dir='ltr'><strong>innexa</strong></span> <span class='ocrx_word' id='word_1_142' title='bbox 377 2655 448 2710; x_wconf 87' lang='lat' dir='ltr'><strong>est:</strong></span> <span class='ocrx_word' id='word_1_143' title='bbox 465 2639 621 2734; x_wconf 86' lang='lat' dir='ltr'><strong>quoniam</strong></span> <span class='ocrx_word' id='word_1_144' title='bbox 636 2663 704 2707; x_wconf 91' lang='lat' dir='ltr'><strong>non</strong></span> <span class='ocrx_word' id='word_1_145' title='bbox 716 2637 859 2706; x_wconf 62' lang='lat' dir='ltr'><strong>‚fortuito</strong></span> <span class='ocrx_word' id='word_1_146' title='bbox 874 2654 986 2726; x_wconf 83' lang='lat' dir='ltr'><strong>motu,</strong></span> <span class='ocrx_word' id='word_1_147' title='bbox 1004 2637 1061 2709; x_wconf 89' lang='lat' dir='ltr'><strong>sed</strong></span> <span class='ocrx_word' id='word_1_148' title='bbox 1076 2639 1186 2708; x_wconf 88' lang='lat' dir='ltr'><strong>divina</strong></span> <span class='ocrx_word' id='word_1_149' title='bbox 1200 2646 1315 2736; x_wconf 91' lang='lat' dir='ltr'><strong>provi-</strong></span> 
     </span>
     <span class='ocr_line' id='line_1_20' title="bbox 243 2742 696 2820; baseline -0.015 -1"><span class='ocrx_word' id='word_1_150' title='bbox 243 2751 356 2820; x_wconf 88' lang='lat' dir='ltr'><strong>dentia</strong></span> <span class='ocrx_word' id='word_1_151' title='bbox 374 2760 526 2816; x_wconf 89' lang='lat' dir='ltr'><strong>constare</strong></span> <span class='ocrx_word' id='word_1_152' title='bbox 541 2742 696 2813; x_wconf 89' lang='lat' dir='ltr'><strong>creditur.</strong></span> 
     </span>
    </p>

    <p class='ocr_par' dir='ltr' id='par_1_10' title="bbox 298 2837 1316 2944">
     <span class='ocr_line' id='line_1_21' title="bbox 298 2837 1316 2944; baseline 0.001 -21"><span class='ocrx_word' id='word_1_153' title='bbox 298 2857 383 2943; x_wconf 75' lang='lat' dir='ltr'><strong>Quae</strong></span> <span class='ocrx_word' id='word_1_154' title='bbox 394 2851 522 2938; x_wconf 85' lang='lat' dir='ltr'><strong>effecit,</strong></span> <span class='ocrx_word' id='word_1_155' title='bbox 536 2866 574 2919; x_wconf 92' lang='lat' dir='ltr'><strong>ut</strong></span> <span class='ocrx_word' id='word_1_156' title='bbox 595 2851 689 2919; x_wconf 89' lang='lat' dir='ltr'><strong>Urbe</strong></span> <span class='ocrx_word' id='word_1_157' title='bbox 705 2875 725 2918; x_wconf 89' lang='lat' dir='ltr'><strong>a</strong></span> <span class='ocrx_word' id='word_1_158' title='bbox 745 2849 849 2921; x_wconf 91' lang='lat' dir='ltr'><strong>Gallis</strong></span> <span class='ocrx_word' id='word_1_159' title='bbox 867 2837 1041 2944; x_wconf 63' lang='lat' dir='ltr'><strong>disjecta⁴‚</strong></span> <span class='ocrx_word' id='word_1_160' title='bbox 1053 2849 1316 2924; x_wconf 86' lang='lat' dir='ltr'><strong>deliberantibus</strong></span> 
     </span>
    </p>
   </div>
   <div class='ocr_carea' id='block_1_9' title="bbox 178 3031 1427 4134">
    <p class='ocr_par' dir='ltr' id='par_1_11' title="bbox 178 3031 1427 4134">
     <span class='ocr_line' id='line_1_22' title="bbox 289 3031 1316 3104; baseline -0.002 -14"><span class='ocrx_word' id='word_1_161' title='bbox 289 3057 314 3092; x_wconf 83' lang='lat' dir='ltr'><strong>a.</strong></span> <span class='ocrx_word' id='word_1_162' title='bbox 340 3037 465 3090; x_wconf 77' lang='lat' dir='ltr'><strong>Urbem...</strong></span> <span class='ocrx_word' id='word_1_163' title='bbox 480 3037 562 3087; x_wconf 79' lang='lat' dir='ltr'><strong>vellet.</strong></span> <span class='ocrx_word' id='word_1_164' title='bbox 579 3035 757 3086; x_wconf 75' lang='lat' dir='ltr'><strong>Alexandriam</strong></span> <span class='ocrx_word' id='word_1_165' title='bbox 800 3033 933 3085; x_wconf 83' lang='lat' dir='ltr'><strong>Romanos</strong></span> <span class='ocrx_word' id='word_1_166' title='bbox 949 3031 1085 3086; x_wconf 84' lang='lat' dir='ltr'><strong>devinctos</strong></span> <span class='ocrx_word' id='word_1_167' title='bbox 1105 3034 1210 3104; x_wconf 87' lang='lat' dir='ltr'><strong>pressit.</strong></span> <span class='ocrx_word' id='word_1_168' title='bbox 1238 3035 1316 3088; x_wconf 79' lang='lat' dir='ltr'><strong>Omen</strong></span> 
     </span>
     <span class='ocr_line' id='line_1_23' title="bbox 248 3113 1314 3189; baseline -0.002 -19"><span class='ocrx_word' id='word_1_169' title='bbox 248 3119 474 3189; x_wconf 77' lang='lat' dir='ltr'><strong>inAEgypto,quae</strong></span> <span class='ocrx_word' id='word_1_170' title='bbox 482 3126 556 3166; x_wconf 85' lang='lat' dir='ltr'><strong>antea</strong></span> <span class='ocrx_word' id='word_1_171' title='bbox 563 3114 614 3165; x_wconf 81' lang='lat' dir='ltr'><strong>luit</strong></span> <span class='ocrx_word' id='word_1_172' title='bbox 620 3114 754 3165; x_wconf 81' lang='lat' dir='ltr'><strong>Rhacotis.</strong></span> <span class='ocrx_word' id='word_1_173' title='bbox 801 3123 840 3164; x_wconf 88' lang='lat' dir='ltr'><strong>est</strong></span> <span class='ocrx_word' id='word_1_174' title='bbox 852 3113 1023 3183; x_wconf 88' lang='lat' dir='ltr'><strong>plerumque,</strong></span> <span class='ocrx_word' id='word_1_175' title='bbox 1035 3131 1118 3183; x_wconf 90' lang='lat' dir='ltr'><strong>quum</strong></span> <span class='ocrx_word' id='word_1_176' title='bbox 1126 3131 1178 3164; x_wconf 76' lang='lat' dir='ltr'><strong>vox</strong></span> <span class='ocrx_word' id='word_1_177' title='bbox 1188 3131 1220 3166; x_wconf 87' lang='lat' dir='ltr'><strong>ex</strong></span> <span class='ocrx_word' id='word_1_178' title='bbox 1232 3115 1314 3169; x_wconf 89' lang='lat' dir='ltr'><strong>alicn-</strong></span> 
     </span>
     <span class='ocr_line' id='line_1_24' title="bbox 178 3190 1314 3266; baseline -0.004 -16"><span class='ocrx_word' id='word_1_179' title='bbox 178 3191 180 3200; x_wconf 72' lang='lat'>&#39;</span> <span class='ocrx_word' id='word_1_180' title='bbox 247 3196 311 3250; x_wconf 88' lang='lat' dir='ltr'><strong>vid.</strong></span> <span class='ocrx_word' id='word_1_181' title='bbox 319 3197 394 3249; x_wconf 91' lang='lat' dir='ltr'><strong>Curt.</strong></span> <span class='ocrx_word' id='word_1_182' title='bbox 405 3195 456 3258; x_wconf 79' lang='lat' dir='ltr'><strong>IV,</strong></span> <span class='ocrx_word' id='word_1_183' title='bbox 469 3193 495 3246; x_wconf 90' lang='lat'><strong>8.</strong></span> <span class='ocrx_word' id='word_1_184' title='bbox 507 3220 547 3234; x_wconf 88' lang='lat'><strong>-·</strong></span> <span class='ocrx_word' id='word_1_185' title='bbox 559 3192 662 3243; x_wconf 83' lang='lat' dir='ltr'><strong>Poleuta</strong></span> <span class='ocrx_word' id='word_1_186' title='bbox 674 3192 755 3262; x_wconf 87' lang='lat' dir='ltr'><strong>pultis</strong></span> <span class='ocrx_word' id='word_1_187' title='bbox 798 3192 840 3260; x_wconf 84' lang='lat' dir='ltr'><strong>jus</strong></span> <span class='ocrx_word' id='word_1_188' title='bbox 853 3209 899 3243; x_wconf 89' lang='lat' dir='ltr'><strong>ore</strong></span> <span class='ocrx_word' id='word_1_189' title='bbox 908 3191 1098 3262; x_wconf 78' lang='lat' dir='ltr'><strong>excepta‚licet</strong></span> <span class='ocrx_word' id='word_1_190' title='bbox 1109 3190 1142 3243; x_wconf 85' lang='lat' dir='ltr'><strong>ad</strong></span> <span class='ocrx_word' id='word_1_191' title='bbox 1156 3193 1240 3245; x_wconf 87' lang='lat' dir='ltr'><strong>alium</strong></span> <span class='ocrx_word' id='word_1_192' title='bbox 1251 3213 1314 3266; x_wconf 88' lang='lat' dir='ltr'><strong>pro·</strong></span> 
     </span>
     <span class='ocr_line' id='line_1_25' title="bbox 247 3269 1314 3350; baseline -0.004 -20"><span class='ocrx_word' id='word_1_193' title='bbox 247 3293 352 3350; x_wconf 82' lang='lat' dir='ltr'><strong>genuae</strong></span> <span class='ocrx_word' id='word_1_194' title='bbox 366 3275 443 3326; x_wconf 85' lang='lat' dir='ltr'><strong>farre.</strong></span> <span class='ocrx_word' id='word_1_195' title='bbox 455 3303 494 3314; x_wconf 90' lang='lat'><em>-</em></span> <span class='ocrx_word' id='word_1_196' title='bbox 502 3273 553 3323; x_wconf 82' lang='lat' dir='ltr'><strong>An.</strong></span> <span class='ocrx_word' id='word_1_197' title='bbox 563 3271 597 3321; x_wconf 78' lang='lat' dir='ltr'><strong>U·</strong></span> <span class='ocrx_word' id='word_1_198' title='bbox 608 3277 673 3333; x_wconf 75' lang='lat'><strong>4²0·</strong></span> <span class='ocrx_word' id='word_1_199' title='bbox 685 3271 755 3322; x_wconf 90' lang='lat' dir='ltr'><strong>Plut.</strong></span> <span class='ocrx_word' id='word_1_200' title='bbox 799 3269 916 3339; x_wconf 89' lang='lat' dir='ltr'><strong>positum</strong></span> <span class='ocrx_word' id='word_1_201' title='bbox 925 3271 958 3322; x_wconf 90' lang='lat' dir='ltr'><strong>sit</strong></span> <span class='ocrx_word' id='word_1_202' title='bbox 968 3269 1052 3338; x_wconf 86' lang='lat' dir='ltr'><strong>dicta,</strong></span> <span class='ocrx_word' id='word_1_203' title='bbox 1068 3269 1101 3324; x_wconf 88' lang='lat' dir='ltr'><strong>ad</strong></span> <span class='ocrx_word' id='word_1_204' title='bbox 1114 3272 1220 3324; x_wconf 85' lang='lat' dir='ltr'><strong>alterins</strong></span> <span class='ocrx_word' id='word_1_205' title='bbox 1235 3293 1314 3326; x_wconf 82' lang='lat' dir='ltr'><strong>even·</strong></span> 
     </span>
     <span class='ocr_line' id='line_1_26' title="bbox 246 3350 1311 3428; baseline 0.001 -24"><span class='ocrx_word' id='word_1_206' title='bbox 246 3377 274 3428; x_wconf 87' lang='lat' dir='ltr'><strong>p.</strong></span> <span class='ocrx_word' id='word_1_207' title='bbox 300 3358 374 3424; x_wconf 81' lang='lat'><strong>6793</strong></span> <span class='ocrx_word' id='word_1_208' title='bbox 394 3354 469 3405; x_wconf 87' lang='lat' dir='ltr'><strong>Curt.</strong></span> <span class='ocrx_word' id='word_1_209' title='bbox 493 3350 551 3413; x_wconf 85' lang='lat' dir='ltr'><strong>IV,</strong></span> <span class='ocrx_word' id='word_1_210' title='bbox 568 3351 602 3413; x_wconf 90' lang='lat'><strong>8;</strong></span> <span class='ocrx_word' id='word_1_211' title='bbox 624 3350 755 3402; x_wconf 81' lang='lat' dir='ltr'><strong>Ammian.</strong></span> <span class='ocrx_word' id='word_1_212' title='bbox 801 3359 858 3400; x_wconf 91' lang='lat' dir='ltr'><strong>tum</strong></span> <span class='ocrx_word' id='word_1_213' title='bbox 872 3350 904 3401; x_wconf 86' lang='lat' dir='ltr'><strong>ab</strong></span> <span class='ocrx_word' id='word_1_214' title='bbox 916 3350 1062 3421; x_wconf 85' lang='lat' dir='ltr'><strong>excipiente</strong></span> <span class='ocrx_word' id='word_1_215' title='bbox 1079 3367 1136 3402; x_wconf 88' lang='lat' dir='ltr'><strong>eam</strong></span> <span class='ocrx_word' id='word_1_216' title='bbox 1154 3352 1311 3421; x_wconf 84' lang='lat' dir='ltr'><strong>applicatur.</strong></span> 
     </span>
     <span class='ocr_line' id='line_1_27' title="bbox 248 3427 1315 3503; baseline 0.001 -20"><span class='ocrx_word' id='word_1_217' title='bbox 248 3434 349 3497; x_wconf 80' lang='lat' dir='ltr'><strong>XXII,</strong></span> <span class='ocrx_word' id='word_1_218' title='bbox 370 3437 421 3496; x_wconf 80' lang='lat'><strong>163</strong></span> <span class='ocrx_word' id='word_1_219' title='bbox 434 3429 572 3482; x_wconf 85' lang='lat' dir='ltr'><strong>Scholiast.</strong></span> <span class='ocrx_word' id='word_1_220' title='bbox 584 3427 707 3499; x_wconf 86' lang='lat' dir='ltr'><strong>Euripid.</strong></span> <span class='ocrx_word' id='word_1_221' title='bbox 724 3427 757 3480; x_wconf 84' lang='lat' dir='ltr'><strong>ad</strong></span> <span class='ocrx_word' id='word_1_222' title='bbox 800 3428 894 3498; x_wconf 88' lang='lat' dir='ltr'><strong>Neque</strong></span> <span class='ocrx_word' id='word_1_223' title='bbox 908 3441 995 3482; x_wconf 89' lang='lat' dir='ltr'><strong>tamen</strong></span> <span class='ocrx_word' id='word_1_224' title='bbox 1004 3430 1037 3482; x_wconf 89' lang='lat' dir='ltr'><strong>ab</strong></span> <span class='ocrx_word' id='word_1_225' title='bbox 1046 3444 1092 3481; x_wconf 85' lang='lat' dir='ltr'><strong>ore</strong></span> <span class='ocrx_word' id='word_1_226' title='bbox 1102 3429 1230 3484; x_wconf 85' lang='lat' dir='ltr'><strong>duntaxat</strong></span> <span class='ocrx_word' id='word_1_227' title='bbox 1240 3432 1315 3503; x_wconf 88' lang='lat' dir='ltr'><strong>capi·</strong></span> 
     </span>
     <span class='ocr_line' id='line_1_28' title="bbox 249 3508 1318 3582; baseline -0.001 -17"><span class='ocrx_word' id='word_1_228' title='bbox 249 3511 378 3566; x_wconf 76' lang='lat' dir='ltr'><strong>Androm.</strong></span> <span class='ocrx_word' id='word_1_229' title='bbox 399 3530 444 3580; x_wconf 88' lang='lat'><strong>17.</strong></span> <span class='ocrx_word' id='word_1_230' title='bbox 802 3519 845 3559; x_wconf 87' lang='lat' dir='ltr'><strong>tur</strong></span> <span class='ocrx_word' id='word_1_231' title='bbox 858 3526 865 3560; x_wconf 73' lang='grc' dir='ltr'><strong><em>ε</em></strong></span> <span class='ocrx_word' id='word_1_232' title='bbox 876 3527 937 3560; x_wconf 86' lang='lat' dir='ltr'><strong>nam</strong></span> <span class='ocrx_word' id='word_1_233' title='bbox 952 3521 978 3562; x_wconf 88' lang='lat' dir='ltr'><strong>et</strong></span> <span class='ocrx_word' id='word_1_234' title='bbox 994 3509 1093 3560; x_wconf 83' lang='lat' dir='ltr'><strong>iactum</strong></span> <span class='ocrx_word' id='word_1_235' title='bbox 1108 3508 1246 3580; x_wconf 86' lang='lat' dir='ltr'><strong>quoddam</strong></span> <span class='ocrx_word' id='word_1_236' title='bbox 1264 3531 1318 3582; x_wconf 86' lang='lat' dir='ltr'><strong>pro</strong></span> 
     </span>
     <span class='ocr_line' id='line_1_29' title="bbox 292 3585 1317 3660; baseline -0.002 -16"><span class='ocrx_word' id='word_1_237' title='bbox 292 3613 317 3645; x_wconf 80' lang='lat' dir='ltr'><strong>a.</strong></span> <span class='ocrx_word' id='word_1_238' title='bbox 327 3593 451 3660; x_wconf 64' lang='lat' dir='ltr'><strong>Deiotaro.</strong></span> <span class='ocrx_word' id='word_1_239' title='bbox 460 3590 614 3660; x_wconf 72' lang='lat' dir='ltr'><strong>Deiotarum</strong></span> <span class='ocrx_word' id='word_1_240' title='bbox 626 3605 714 3657; x_wconf 79' lang='lat' dir='ltr'><strong>regem</strong></span> <span class='ocrx_word' id='word_1_241' title='bbox 722 3585 760 3638; x_wconf 77' lang='lat' dir='ltr'><strong>si·</strong></span> <span class='ocrx_word' id='word_1_242' title='bbox 803 3587 893 3639; x_wconf 90' lang='lat' dir='ltr'><strong>omine</strong></span> <span class='ocrx_word' id='word_1_243' title='bbox 902 3605 968 3659; x_wconf 81' lang='lat' dir='ltr'><strong>saepe</strong></span> <span class='ocrx_word' id='word_1_244' title='bbox 976 3587 1186 3640; x_wconf 85' lang='lat' dir='ltr'><strong>animadversum</strong></span> <span class='ocrx_word' id='word_1_245' title='bbox 1194 3590 1317 3660; x_wconf 80' lang='lat' dir='ltr'><strong>legimus,</strong></span> 
     </span>
     <span class='ocr_line' id='line_1_30' title="bbox 250 3665 1319 3741; baseline -0.002 -17"><span class='ocrx_word' id='word_1_246' title='bbox 250 3672 317 3725; x_wconf 76' lang='lat' dir='ltr'><strong>cilia</strong></span> <span class='ocrx_word' id='word_1_247' title='bbox 328 3671 371 3722; x_wconf 89' lang='lat' dir='ltr'><strong>alii</strong></span> <span class='ocrx_word' id='word_1_248' title='bbox 382 3670 535 3722; x_wconf 87' lang='lat' dir='ltr'><strong>nominant:</strong></span> <span class='ocrx_word' id='word_1_249' title='bbox 548 3665 671 3738; x_wconf 82' lang='lat' dir='ltr'><strong>equidem</strong></span> <span class='ocrx_word' id='word_1_250' title='bbox 682 3667 759 3717; x_wconf 92' lang='lat' dir='ltr'><strong>illum</strong></span> <span class='ocrx_word' id='word_1_251' title='bbox 803 3667 923 3738; x_wconf 83' lang='lat' dir='ltr'><strong>exemplo</strong></span> <span class='ocrx_word' id='word_1_252' title='bbox 936 3668 1036 3734; x_wconf 84' lang='lat' dir='ltr'><strong>citato,</strong></span> <span class='ocrx_word' id='word_1_253' title='bbox 1050 3685 1180 3740; x_wconf 78' lang='lat' dir='ltr'><strong>equorum</strong></span> <span class='ocrx_word' id='word_1_254' title='bbox 1195 3669 1319 3741; x_wconf 85' lang='lat' dir='ltr'><strong>lapsum,</strong></span> 
     </span>
     <span class='ocr_line' id='line_1_31' title="bbox 252 3739 1139 3819; baseline -0.003 -17"><span class='ocrx_word' id='word_1_255' title='bbox 252 3748 429 3819; x_wconf 77' lang='lat' dir='ltr'><strong>Gallograeciae</strong></span> <span class='ocrx_word' id='word_1_256' title='bbox 449 3747 627 3810; x_wconf 85' lang='lat' dir='ltr'><strong>tetrarcham,</strong></span> <span class='ocrx_word' id='word_1_257' title='bbox 648 3747 694 3815; x_wconf 87' lang='lat' dir='ltr'><strong>qui</strong></span> <span class='ocrx_word' id='word_1_258' title='bbox 713 3739 760 3797; x_wconf 83' lang='lat' dir='ltr'><strong>rex</strong></span> <span class='ocrx_word' id='word_1_259' title='bbox 802 3746 924 3816; x_wconf 80' lang='lat' dir='ltr'><strong>leporum</strong></span> <span class='ocrx_word' id='word_1_260' title='bbox 938 3764 1077 3798; x_wconf 84' lang='lat' dir='ltr'><strong>occursum</strong></span> <span class='ocrx_word' id='word_1_261' title='bbox 1090 3759 1139 3799; x_wconf 84' lang='lat' dir='ltr'><strong>eto.</strong></span> 
     </span>
     <span class='ocr_line' id='line_1_32' title="bbox 251 3823 1320 3901; baseline -0.002 -19"><span class='ocrx_word' id='word_1_262' title='bbox 251 3847 359 3901; x_wconf 82' lang='lat' dir='ltr'><strong>quoque</strong></span> <span class='ocrx_word' id='word_1_263' title='bbox 367 3827 453 3880; x_wconf 87' lang='lat' dir='ltr'><strong>dictus</strong></span> <span class='ocrx_word' id='word_1_264' title='bbox 461 3839 514 3889; x_wconf 87' lang='lat' dir='ltr'><strong>est,</strong></span> <span class='ocrx_word' id='word_1_265' title='bbox 525 3845 575 3897; x_wconf 89' lang='lat' dir='ltr'><strong>pro</strong></span> <span class='ocrx_word' id='word_1_266' title='bbox 587 3843 640 3896; x_wconf 92' lang='lat' dir='ltr'><strong>quo</strong></span> <span class='ocrx_word' id='word_1_267' title='bbox 650 3826 706 3878; x_wconf 89' lang='lat' dir='ltr'><strong>Cic.</strong></span> <span class='ocrx_word' id='word_1_268' title='bbox 719 3823 761 3877; x_wconf 90' lang='lat' dir='ltr'><strong>di·</strong></span> <span class='ocrx_word' id='word_1_269' title='bbox 845 3831 871 3886; x_wconf 71' lang='grc'><strong>4.</strong></span> <span class='ocrx_word' id='word_1_270' title='bbox 894 3825 971 3877; x_wconf 82' lang='lat' dir='ltr'><strong>Urbe.</strong></span> <span class='ocrx_word' id='word_1_271' title='bbox 982 3865 988 3876; x_wconf 94' lang='lat'><strong>.</strong></span> <span class='ocrx_word' id='word_1_272' title='bbox 998 3866 1004 3876; x_wconf 97' lang='lat'><strong>.</strong></span> <span class='ocrx_word' id='word_1_273' title='bbox 1015 3826 1135 3893; x_wconf 65' lang='lat' dir='ltr'><strong>disjecta.</strong></span> <span class='ocrx_word' id='word_1_274' title='bbox 1163 3827 1235 3890; x_wconf 82' lang='lat' dir='ltr'><strong>Veii,</strong></span> <span class='ocrx_word' id='word_1_275' title='bbox 1252 3829 1320 3880; x_wconf 83' lang='lat' dir='ltr'><strong>urbs</strong></span> 
     </span>
     <span class='ocr_line' id='line_1_33' title="bbox 250 3903 1427 3975; baseline -0.004 -12"><span class='ocrx_word' id='word_1_276' title='bbox 250 3909 410 3975; x_wconf 83' lang='lat' dir='ltr'><strong>xit,habere</strong></span> <span class='ocrx_word' id='word_1_277' title='bbox 421 3903 761 3958; x_wconf 84' lang='lat' dir='ltr'><strong>mallem.V.Cic.Div.let</strong></span> <span class='ocrx_word' id='word_1_278' title='bbox 804 3903 933 3968; x_wconf 74' lang='lat' dir='ltr'><strong>Etruriae,</strong></span> <span class='ocrx_word' id='word_1_279' title='bbox 946 3921 1025 3974; x_wconf 88' lang='lat' dir='ltr'><strong>quam</strong></span> <span class='ocrx_word' id='word_1_280' title='bbox 1041 3905 1166 3958; x_wconf 86' lang='lat' dir='ltr'><strong>Camillus</strong></span> <span class='ocrx_word' id='word_1_281' title='bbox 1180 3918 1256 3958; x_wconf 87' lang='lat' dir='ltr'><strong>antea</strong></span> <span class='ocrx_word' id='word_1_282' title='bbox 1269 3905 1321 3958; x_wconf 87' lang='lat' dir='ltr'><strong>de·</strong></span> <span class='ocrx_word' id='word_1_283' title='bbox 1426 3909 1427 3920; x_wconf 60' lang='lat'>¹</span> 
     </span>
     <span class='ocr_line' id='line_1_34' title="bbox 249 3977 1321 4056; baseline -0.003 -15"><span class='ocrx_word' id='word_1_284' title='bbox 249 3987 398 4054; x_wconf 79' lang='lat' dir='ltr'><strong>11‚V111et</strong></span> <span class='ocrx_word' id='word_1_285' title='bbox 406 3985 467 4038; x_wconf 85' lang='lat' dir='ltr'><strong>XV.</strong></span> <span class='ocrx_word' id='word_1_286' title='bbox 479 3984 554 4036; x_wconf 79' lang='lat' dir='ltr'><strong>A.U.</strong></span> <span class='ocrx_word' id='word_1_287' title='bbox 564 3977 759 4052; x_wconf 85' lang='lat' dir='ltr'><strong>700,circiter.</strong></span> <span class='ocrx_word' id='word_1_288' title='bbox 804 4001 861 4034; x_wconf 89' lang='lat' dir='ltr'><strong>cem</strong></span> <span class='ocrx_word' id='word_1_289' title='bbox 884 4001 1015 4036; x_wconf 84' lang='lat' dir='ltr'><strong>annorum</strong></span> <span class='ocrx_word' id='word_1_290' title='bbox 1040 3983 1178 4037; x_wconf 85' lang='lat' dir='ltr'><strong>obsidione</strong></span> <span class='ocrx_word' id='word_1_291' title='bbox 1200 3997 1321 4056; x_wconf 66' lang='lat' dir='ltr'><strong>ceperat:</strong></span> 
     </span>
     <span class='ocr_line' id='line_1_35' title="bbox 293 4059 1326 4134; baseline -0.002 -16"><span class='ocrx_word' id='word_1_292' title='bbox 293 4068 319 4122; x_wconf 86' lang='lat'><strong>3.</strong></span> <span class='ocrx_word' id='word_1_293' title='bbox 336 4068 375 4118; x_wconf 76' lang='lat' dir='ltr'><strong>De</strong></span> <span class='ocrx_word' id='word_1_294' title='bbox 393 4063 517 4117; x_wconf 84' lang='lat' dir='ltr'><strong>ominibus.</strong></span> <span class='ocrx_word' id='word_1_295' title='bbox 526 4063 561 4114; x_wconf 85' lang='lat' dir='ltr'><strong>Et</strong></span> <span class='ocrx_word' id='word_1_296' title='bbox 569 4063 625 4115; x_wconf 75' lang='lat' dir='ltr'><strong>hauc</strong></span> <span class='ocrx_word' id='word_1_297' title='bbox 636 4062 703 4113; x_wconf 76' lang='lat' dir='ltr'><strong>mim</strong></span> <span class='ocrx_word' id='word_1_298' title='bbox 716 4081 761 4114; x_wconf 90' lang='lat' dir='ltr'><strong>su·</strong></span> <span class='ocrx_word' id='word_1_299' title='bbox 804 4059 886 4113; x_wconf 75' lang='lat' dir='ltr'><strong>Aldus</strong></span> <span class='ocrx_word' id='word_1_300' title='bbox 903 4059 987 4115; x_wconf 85' lang='lat' dir='ltr'><strong>edidit</strong></span> <span class='ocrx_word' id='word_1_301' title='bbox 1003 4063 1093 4125; x_wconf 82' lang='lat' dir='ltr'><strong>deleta,</strong></span> <span class='ocrx_word' id='word_1_302' title='bbox 1113 4062 1142 4115; x_wconf 93' lang='lat' dir='ltr'><strong>id</strong></span> <span class='ocrx_word' id='word_1_303' title='bbox 1156 4061 1228 4134; x_wconf 91' lang='lat' dir='ltr'><strong>quod</strong></span> <span class='ocrx_word' id='word_1_304' title='bbox 1245 4066 1326 4116; x_wconf 89' lang='lat' dir='ltr'><strong>Peri-</strong></span> 
     </span>
    </p>
   </div>
   <div class='ocr_carea' id='block_1_10' title="bbox 249 4141 1426 4231">
    <p class='ocr_par' dir='ltr' id='par_1_12' title="bbox 249 4141 1426 4231">
     <span class='ocr_line' id='line_1_36' title="bbox 249 4141 1426 4231; baseline -0.004 -27"><span class='ocrx_word' id='word_1_305' title='bbox 249 4145 391 4222; x_wconf 68' lang='lat' dir='ltr'><strong>perantia,</strong></span> <span class='ocrx_word' id='word_1_306' title='bbox 413 4143 488 4218; x_wconf 79' lang='lat' dir='ltr'><strong>quasi</strong></span> <span class='ocrx_word' id='word_1_307' title='bbox 507 4142 640 4196; x_wconf 74' lang='lat' dir='ltr'><strong>servitutis</strong></span> <span class='ocrx_word' id='word_1_308' title='bbox 659 4159 759 4213; x_wconf 54' lang='lat' dir='ltr'><strong>mnus,</strong></span> <span class='ocrx_word' id='word_1_309' title='bbox 804 4141 1035 4217; x_wconf 82' lang='lat' dir='ltr'><strong>zon.probat;sed</strong></span> <span class='ocrx_word' id='word_1_310' title='bbox 1045 4141 1327 4199; x_wconf 76' lang='lat' dir='ltr'><strong>retinendaestleetiu</strong></span> <span class='ocrx_word' id='word_1_311' title='bbox 1425 4185 1426 4231; x_wconf 42' lang='lat' dir='ltr'><strong>q</strong></span> 
     </span>
    </p>
   </div>
   <div class='ocr_carea' id='block_1_11' title="bbox 607 4481 735 4537">
    <p class='ocr_par' dir='ltr' id='par_1_13' title="bbox 607 4481 735 4537">
     <span class='ocr_line' id='line_1_37' title="bbox 607 4481 735 4537; baseline 0 0"><span class='ocrx_word' id='word_1_312' title='bbox 607 4481 628 4514; x_wconf 55' lang='lat' dir='ltr'><em>e</em></span> <span class='ocrx_word' id='word_1_313' title='bbox 728 4523 735 4537; x_wconf 81' lang='grc'><strong><em>1</em></strong></span> 
     </span>
    </p>
   </div>
   <div class='ocr_carea' id='block_1_12' title="bbox 0 0 1442 4994">
    <p class='ocr_par' dir='ltr' id='par_1_14' title="bbox 0 0 1442 4994">
     <span class='ocr_line' id='line_1_38' title="bbox 0 0 1442 4994; baseline 0 0"><span class='ocrx_word' id='word_1_314' title='bbox 0 0 1442 4994; x_wconf 95' lang='lat' dir='ltr'><strong> </strong></span> 
     </span>
    </p>
   </div>
  </div>
 </body>
</html>
