2864 4994
243 469 287 515 ιι
440 441 664 512 VALERII
697 441 905 512 ΜΑΧΙΜΙ
933 441 1028 511 LIB.
1061 443 1088 510 1.

293 576 327 646 8.
349 577 427 645 Non
441 576 562 643 mirum
576 575 693 669 igitur,
706 575 732 643 si
747 599 809 669 pro
826 599 865 642 eo
880 575 1019 668 imperio
1032 572 1184 668 augendo
1198 590 1305 644 custo·

238 681 424 775 diendoque
450 682 601 775 pertinax
623 705 738 749 eorum
768 678 996 775 indulgentia¹
1016 679 1154 748 deorum
1175 705 1305 776 semper

238 789 395 858 excubuit
404 813 413 874 3
422 787 512 882 quod
529 799 597 854 tam
615 785 827 881 scrupulosa²
840 811 920 855 cura
935 785 1075 880 parvula
1089 811 1222 881 quoque
1233 813 1303 856 mo·

238 909 351 962 menta
362 893 528 988 religionis
542 895 729 962 examinare
743 893 875 963 videtur
895 918 903 960 :
924 893 1000 987 qnia
1016 887 1184 986 nunquam
1203 917 1307 962 remo·

239 1015 291 1069 tos
314 1001 356 1068 ab
380 1001 585 1069 exactissimo
610 998 703 1069 cultu
730 1001 993 1069 cerimoniarum
1016 998 1130 1068 oculos
1152 999 1305 1078 habuisse

240 1105 693 1177 nostracrvrtasexrstrmanda
701 1091 779 1175 est
789 1109 829 1174 ln
841 1129 906 1200 qua
916 1131 1018 1199 quum
1029 1103 1207 1174 Marcellus
1216 1131 1308 1199 qum

239 1227 311 1281 tum
334 1211 541 1282 consulatum
567 1235 684 1307 gerens
701 1210 863 1305 templum
883 1214 1012 1281 Honori
1033 1226 1065 1280 et
1081 1212 1222 1297 Virtuti,
1237 1210 1309 1281 Cla·

239 1305 356 1388 stidio
367 1321 475 1413 prius,
486 1317 605 1387 deinde
617 1319 785 1412 Syracusis
798 1319 936 1411 potitus,
946 1332 1146 1412 nuncupatis
1160 1317 1309 1388 debiturn

239 1426 327 1494 votis
347 1447 542 1494 consecrare
564 1422 689 1511 vellet,
716 1447 737 1492 a
757 1422 895 1518 collegio
916 1425 1112 1518 pontificum
1132 1423 1309 1519 impeditus

241 1544 307 1614 est,
327 1545 489 1625 negante,
508 1552 609 1599 unam
628 1478 745 1599 celiani
764 1529 895 1599 duobus
914 1529 975 1599 diis
997 1544 1088 1600 recte
1107 1531 1230 1617 dicari,
1253 1529 1309 1599 fu·

236 1652 354 1705 turum
367 1638 472 1724 enim,
487 1661 513 1704 si
506 1637 609 1730 quid
622 1637 785 1731 prodigii
776 1660 811 1703 m
827 1659 866 1704 ea
882 1637 1071 1726 accidisset,
1082 1661 1125 1706 ne
1136 1636 1309 1732 dignosce·

241 1756 350 1830 retur,
371 1744 439 1811 utri
461 1767 531 1811 rem
549 1742 694 1812 divinam
713 1742 785 1810 lieri
806 1757 999 1836 oporteret:
1013 1767 1075 1812 nec
1095 1742 1281 1812 duobus
1247 1743 1311 1812 msi
1409 1815 1411 1840 .

243 1851 341 1917 certis
363 1834 447 1918 diis⁵
466 1872 532 1917 una
551 1848 728 1918 sacrificari
746 1847 860 1917 solere.
881 1850 930 1917 Ea
949 1848 1146 1943 pontificum
1167 1848 1314 1917 admoni·
1411 1913 1412 1922 ,

204 2012 208 2024 ,
243 1967 334 2023 tione
345 1954 502 2023 effectum
514 1969 579 2043 est
591 1969 628 2024 ut
640 1952 818 2023 Marcellus
828 1968 1005 2049 separatis
1017 1954 1217 2042 aedrbus,il
1206 1957 1313 2022 noris

244 2083 283 2131 ac
297 2046 456 2131 Virtutis⁶
473 2060 646 2131 simulacra
663 2074 836 2146 statueret,
851 2086 958 2156 neque
976 2075 1035 2130 aut
1049 2059 1189 2156 collegio
1203 2061 1314 2155 ponti-

247 2289 301 2344 quo
318 2272 431 2326 foenfinae
444 2272 539 2327 divites
556 2273 768 2328 amiciebantur.
801 2274 869 2338 fuit,
883 2272 918 2328 ad
931 2272 1104 2328 coercendam
1120 2273 1204 2345 plebis
1222 2271 1314 2326 ferita·
1415 2282 1416 2292 ¹

247 2385 288 2396 --
301 2353 390 2421 Quom.
404 2356 436 2407 In
451 2355 551 2424 aliquot
563 2354 639 2408 MSS.
655 2367 682 2408 et
695 2353 756 2408 edd.
801 2367 854 2407 tem
870 2373 981 2425 eamque
994 2373 1008 2406 a
1024 2355 1095 2407 vitiis
1111 2351 1314 2418 deterrendum
1416 2373 1417 2380 ι

247 2443 312 2484 vett.
325 2433 422 2504 legitur
432 2453 508 2505 quem.
520 2432 635 2487 Perinde
646 2447 698 2500 eet3
712 2433 759 2486 do-
802 2453 854 2506 qua
874 2435 1012 2506 paullatim
1031 2434 1173 2499 exstincta,
1193 2451 1242 2504 per
1258 2452 1316 2485 om·
1417 2465 1418 2490 ι

249 2524 310 2566 cent
320 2513 392 2564 enim
403 2514 582 2582 grammatici,
595 2526 759 2567 tammascu·
802 2516 846 2567 nia
856 2514 956 2567 atrocia
968 2514 1081 2567 Romani
1093 2524 1204 2566 ruerunt
1216 2513 1316 2566 facino·

248 2591 299 2644 lini
313 2608 393 2663 quam
412 2593 533 2646 feminini
550 2611 654 2666 generis
666 2612 760 2648 vocem
802 2613 844 2658 ra,
860 2594 1013 2666 reipublicae
1028 2607 1137 2664 pestem.
1153 2625 1194 2636 -
1208 2593 1260 2644 An.
1277 2593 1313 2645 U.

249 2673 667 2745 esse.-Di0n.fla]ic.11‚.p
690 2675 759 2741 1283
806 2672 1141 2741 545.Liv.xxv11,25.

249 2751 371 2823 Propert.
387 2753 446 2820 IV,
463 2770 517 2820 11,
536 2753 582 2806 53.
846 2750 1316 2824 4.ClastidiumoppidumGalliaecis·

294 2793 466 2884 1.Pertinrin
495 2791 645 2904 indulgentia
669 2845 709 2886 est
731 2833 759 2886 h.
805 2833 908 2904 alpinae.
921 2834 957 2885 V.
967 2833 1026 2884 Liv.
1042 2833 1090 2885 lib.
1103 2832 1218 2885 XXVII.
1234 2827 1317 2893 (Fac-

248 2912 423 2982 lperpetuus
431 2914 513 2966 favor
528 2914 571 2967 Sic
581 2913 688 2966 Livius
702 2913 762 2966 vi·
805 2916 910 2966 tumA.
928 2913 963 2966 U.
988 2911 1052 2975 545.
1065 2908 1133 2974 )-
1153 2912 1220 2964 Vota
1239 2925 1316 2964 erant

250 2990 287 3044 cit
300 3011 391 3044 omnia
403 2995 525 3064 pertinax
537 2994 655 3046 virtus.»
671 2994 761 3064 Vulgo
806 2997 954 3063 conceptiva,
984 3011 1042 3064 quae
1063 2992 1151 3076 opimo
1171 3003 1315 3064 concepta,

248 3075 361 3140 pertinax
387 3073 483 3124 deorum
512 3073 670 3142 indulgentia.
699 3073 762 3125 Non
806 3073 894 3124 verbis
906 3091 961 3123 non
979 3083 1041 3124 sunt
1055 3089 1192 3143 expressa;
1204 3072 1246 3124 vel
1258 3090 1319 3123 nun

251 3151 329 3220 pauci
346 3167 452 3222 qiioque
470 3151 548 3204 MSS.
570 3171 650 3204 eorum
666 3151 762 3202 deornm
806 3154 933 3222 cupatha,
951 3169 1015 3204 voce
1030 3149 1170 3204 declarata.
1189 3151 1242 3216 Qui
1255 3164 1318 3204 vota

252 3229 409 3300 indulgentia.
807 3244 1020 3302 nuncupassem,
1035 3250 1064 3283 ea
1074 3249 1155 3303 saepe,
1170 3231 1282 3283 libellis'
1274 3250 1317 3283 m·

299 3329 326 3362 a.
350 3309 480 3380 Scrupulus
508 3309 614 3380 lapillus
645 3309 764 3364 minutus
807 3311 917 3382 scripta,
933 3311 1025 3383 templi
1037 3311 1170 3376 numinis,
1186 3311 1230 3366 cui
1252 3308 1319 3382 quid

252 3401 306 3452 eet,
330 3407 410 3459 quem
428 3390 484 3443 fere
502 3407 556 3441 non
576 3389 764 3442 animadverti·
807 3404 899 3444 votum
915 3404 983 3456 erat,
1003 3391 1150 3462 porticibus
1165 3390 1317 3462 affigebant.

254 3487 327 3533 mus,
345 3468 391 3522 sed
409 3471 456 3542 qui
475 3470 586 3522 calcatus
610 3467 766 3523 sollicitudi-
808 3501 848 3514 --
863 3471 947 3531 Cella,
966 3471 1047 3536 mdes,
1063 3471 1196 3523 sacellum.

254 3568 317 3601 nem
335 3563 421 3616 creat3
437 3548 510 3602 unde
528 3551 683 3622 scrupulum
696 3551 766 3604 solli·
845 3549 1323 3616 5.CertisdiiaQuaenuminasocieta·

253 3627 399 3682 citudinem
411 3641 438 3682 et
446 3628 630 3684 difficultatem
642 3629 764 3684 dicimus.
809 3644 863 3684 tem
871 3631 974 3684 interne
981 3631 1080 3684 habere
1090 3629 1280 3695 credebantur,
1288 3642 1320 3683 ut

255 3740 295 3752 -
306 3709 418 3763 Videtur.
432 3711 540 3781 Aliquot
554 3708 632 3764 codd.
649 3709 725 3763 MSS.
739 3722 766 3763 et
810 3711 904 3764 Castor
913 3723 939 3764 et
950 3711 1044 3764 Pollux
1049 3711 1158 3776 ,Venus
1166 3723 1193 3762 et
1202 3707 1317 3774 Adonis,

255 3787 317 3842 cdd.
342 3789 442 3842 habent
456 3808 462 3842 ι
484 3789 618 3843 e'naininori
634 3791 765 3852 videmur,-
809 3792 905 3862 Apollo
921 3803 948 3844 et
961 3784 1058 3852 Diana,
1074 3803 1140 3854 etc,
1156 3790 1198 3842 his
1214 3802 1320 3842 tantum

256 3885 334 3922 sensu
349 3870 427 3940 plane
443 3867 546 3922 eodem.
810 3870 888 3922 simul
901 3889 973 3924 sacra
989 3871 1075 3923 facere
1084 3871 1188 3922 licebat.

300 3950 325 4004 3.
348 3950 521 4001 Enistimondo
542 3961 585 4003 est.
603 3952 684 4003 Recte
698 3949 767 4004 vidit
852 3955 878 4003 6.
897 3951 1010 4004 Virtutis.
1028 3949 1087 4002 Liv.
1101 3949 1205 4011 XXIX,
1216 3965 1254 4012 ιι,
1269 3959 1322 4002 tra-

177 4022 179 4031 *
258 4030 564 4083 Noster:Romanorum
576 4031 649 4083 enim
660 4030 767 4102 religio,
811 4028 1083 4096 dit,oedemVirtutis
1097 4049 1111 4082 a
1114 4027 1172 4100 filio
1185 4027 1320 4092 Marcelli,

257 4110 305 4164 etsi
336 4110 531 4180 impurissima,
556 4110 649 4164 efficax
680 4123 767 4164 tamen
811 4129 867 4163 non
888 4110 997 4182 abipso
1010 4109 1151 4176 Marcello,
1172 4105 1322 4161 dedicatam
