2864 4994
253 466 302 538 36
383 499 388 514 ·
458 463 683 534 VALERII
717 462 928 532 ΜΑΧΙΜΙ
962 465 1056 550 LIB.
1091 465 1119 533 1.

249 601 350 687 nem,
376 622 442 692 qua
467 612 583 692 postea
608 620 786 690 oppressus
809 611 875 685 est,
903 599 1100 691 pertinuisse
1126 597 1235 668 visum
1262 615 1320 668 est.

251 707 370 775 Merito
394 719 505 773 autem
526 703 567 772 de
588 701 685 772 laude
714 703 800 772 inter
822 727 857 772 se
879 703 1018 772 victoria
1039 718 1073 772 et
1093 704 1150 798 pia
1174 708 1323 799 precatio

159 829 166 844 ·
253 810 444 907 amplissimi
465 810 529 881 viri
555 822 765 878 certaverunt
788 834 796 876 :
819 831 911 903 aeque
934 811 1023 880 enim
1047 810 1178 880 virtutis
1204 826 1272 899 est,
1290 825 1322 880 et

187 925 191 941 *
252 919 339 988 bona
359 919 473 1012 patriae
491 917 633 1003 auxisse,
654 930 688 984 et
706 912 845 984 malain
864 940 898 986 se
914 916 1094 986 transferre
1114 915 1267 986 voluisse.

309 1023 342 1094 3.
365 1025 457 1114 Quid
480 1020 579 1110 illud,
600 1021 691 1116 quod
711 1024 760 1098 L..
773 1019 889 1092 Paullo
917 1021 1044 1094 consuli
1069 1024 1201 1108 euenit,
1221 1049 1323 1117 quam

254 1127 480 1200 memorabile!
498 1153 602 1224 quum
617 1130 648 1196 ei
666 1141 755 1198 sorte
768 1129 946 1215 evenisset,
960 1142 998 1198 ut
1016 1126 1231 1208 bellumcurn
1245 1152 1324 1223 rege

253 1240 352 1306 Perse
363 1224 377 1259 ¹⁴
390 1249 536 1334 gereret,
548 1249 583 1303 et
593 1235 730 1302 domum
743 1257 762 1302 e
778 1234 870 1304 curia
884 1259 1070 1328 regressus,
1080 1232 1216 1304 filiolam
1228 1260 1324 1304 suam

254 1345 386 1412 nomine
403 1343 568 1426 Tertiam,
583 1365 655 1434 quae
673 1354 745 1406 tum
765 1353 837 1408 erat
851 1339 1032 1410 admodum
1053 1339 1208 1434 parvula,
1222 1366 1324 1432 qscu-

253 1447 356 1538 latus,
374 1449 505 1516 tristem
527 1444 830 1514 animadverteret:
850 1446 1087 1540 interrogavit,
1111 1446 1191 1540 quid
1213 1448 1261 1515 ita
1284 1472 1329 1516 eo

254 1553 349 1621 vultu
366 1537 459 1622 esset.
481 1554 566 1640 Quae
584 1551 773 1644 respondit,
790 1553 924 1622 Persam
944 1554 1087 1646 periisse.
1107 1551 1324 1623 Decesserat²

254 1674 364 1728 autem
385 1657 540 1743 catellus,
560 1682 659 1752 quem
677 1655 789 1751 puella
801 1657 836 1724 in
854 1655 978 1726 deliciis
997 1658 1173 1745 habuerat,
1189 1661 1328 1728 nornine

254 1768 362 1834 Persa.
381 1765 530 1860 Arripuit
544 1764 645 1858 igitur
658 1788 757 1832 omen
774 1761 923 1851 Paullus,
939 1788 1044 1859 exque
1060 1764 1198 1834 fortuito
1217 1765 1326 1853 dicto,

255 1873 348 1966 quasi
362 1895 455 1964 spem
480 1885 605 1938 certam
624 1869 795 1956 clarissimi
817 1869 978 1963 trirunphi
996 1872 1108 1939 aniano
1128 1873 1325 1965 praesumsit.

309 1980 344 2062 4.
366 1981 411 2044 At
430 1973 708 2072 Caeciliavlllletelli
719 1959 743 2063 ³,
764 1973 843 2042 dum
866 1976 988 2063 sororis
1006 1977 1100 2064 filiae,
1111 1976 1232 2046 adultae
1247 1991 1326 2046 aeta·

255 2084 296 2152 tis
314 2084 452 2177 virgini,
470 2107 563 2150 more
581 2084 715 2175 prisco,
737 2095 836 2149 nocte
856 2083 1035 2171 concubia,
1049 2081 1207 2176 nuptialia
1224 2085 1328 2177 petit,

256 2213 357 2257 omen
373 2189 442 2282 ipsa
464 2188 550 2256 fecit.
572 2190 660 2257 Nam
682 2212 785 2282 quum
806 2188 840 2254 in
863 2187 983 2257 sacello
1005 2188 1168 2282 quodam,
1187 2189 1258 2282 ejus
1279 2193 1329 2258 rei

256 2297 385 2390 gratia,
410 2292 611 2388 aliquamdiu
637 2293 851 2388 persedisset,
874 2317 935 2363 nec
964 2293 1031 2362 ulla
1059 2320 1125 2362 vox
1152 2297 1330 2389 proposito
1426 2335 1427 2362 l

256 2424 443 2494 congruens
463 2414 548 2470 esset
570 2397 698 2488 audita;
724 2399 809 2468 fessa
831 2398 932 2495 longa
954 2400 1061 2469 standi
1083 2425 1177 2468 mora
1190 2399 1329 2494 puella,
1426 2463 1427 2471 ,

257 2508 388 2600 rogavit
412 2520 645 2594 materteram,
665 2521 703 2574 ut
730 2506 791 2574 sibi
820 2504 999 2600 paullisper
1024 2506 1135 2576 locum
1162 2506 1330 2576 residendi

259 2613 534 2682 accommodaret.
552 2613 616 2681 Cui
634 2610 687 2679 illa
705 2637 712 2678 ε
733 2641 749 2674 a
760 2613 833 2706 Ego
851 2638 950 2696 vero,
967 2615 1089 2707 inquit,
1110 2611 1250 2682 libenter
1266 2613 1330 2682 tibi

257 2744 331 2788 mea
345 2706 434 2787 sedcl
444 2719 561 2787 cedo.»
574 2711 676 2806 Quod
690 2717 832 2806 dictum,
846 2718 889 2786 ab
902 2719 1106 2814 indulgentia
1121 2718 1332 2814 profectum,

259 2934 776 3010 -An.U.357.Liv.V,21;P1us,
815 2931 1179 3002 Divin.1,46;Plutsrch.
1200 2935 1229 2986 in
1251 2935 1329 2988 Paul.
1425 2961 1426 2982 ;

303 3033 328 3067 1.
343 3017 425 3066 Perse.
436 3015 526 3067 Perses
539 3034 559 3066 s.
574 3013 695 3079 Perseus,
712 3015 773 3068 ulti·
859 3016 884 3068 3.
893 3015 994 3067 Metelli.
1005 3014 1065 3067 Scil.
1076 3033 1158 3079 uxor,
1167 3033 1287 3085 quaevox
1299 3015 1332 3068 in

256 3111 320 3147 mus
333 3113 425 3164 regum
437 3092 592 3154 Macedon,
605 3093 690 3146 victus
700 3092 773 3166 apud
816 3091 1025 3165 quibusdlcodd.
1033 3093 1269 3164 eglossaadditur‚
1281 3093 1332 3147 sed

262 3171 773 3246 Pydnam,AErniliiPaullitriumphum
816 3185 912 3243 praeter
934 3171 1126 3239 necessitatem,
1149 3194 1233 3245 quum
1255 3195 1280 3226 v.
1305 3195 1330 3228 c.

263 3253 376 3305 ornavit.
821 3251 932 3304 Terentia
941 3254 1069 3314 Ciceronis,
1077 3254 1177 3305 Metella
1186 3253 1331 3308 Crassietc.

305 3348 332 3384 a.
344 3333 491 3383 Decesseret.
502 3331 636 3384 Inusitate.
653 3331 721 3384 Nam
731 3331 773 3383 de·
816 3332 969 3404 frequenter
976 3345 1096 3385 occurrat
1103 3332 1332 3406 ap.Yett.-Corr·

265 3411 345 3463 cedere
354 3430 404 3482 pro
418 3415 478 3462 mori
489 3411 673 3464 tantummodo
684 3409 717 3466 de
726 3412 774 3463 ho·
817 3412 898 3474 achia,
909 3432 929 3466 s.
942 3412 1108 3484 intempesta.
1116 3413 1179 3465 Dies
1192 3410 1264 3484 apud
1272 3414 1328 3464 Ro-

263 3492 459 3557 minlbus,non
468 3489 501 3544 de
509 3492 617 3544 canibus
626 3493 692 3544 solet
700 3511 775 3546 usur·
816 3485 907 3545 manos
921 3511 936 3544 a
948 3491 1035 3546 media
1046 3504 1123 3546 nocte
1140 3492 1247 3562 incepit.
1263 3493 1330 3562 Ejus

263 3571 333 3644 pari.
347 3571 405 3624 Hoc
420 3584 459 3623 est
473 3571 556 3642 illud,
573 3570 645 3642 quod
662 3571 773 3642 Scalige·
816 3584 903 3642 partes
919 3585 1017 3626 erant:
1038 3569 1132 3624 medias
1146 3572 1232 3624 noetis
1251 3572 1329 3624 incli-

264 3662 325 3704 rutn
340 3652 368 3703 in
385 3651 523 3704 Catalectis
538 3651 682 3723 permovit,
697 3664 726 3703 ut
741 3649 774 3702 de
816 3653 898 3718 natio,
908 3652 1084 3722 gallicinium,
1093 3649 1281 3718 conticinium,
1290 3649 1332 3702 di·

265 3731 374 3784 Valerio
385 3743 477 3783 nostro
486 3729 599 3796 diceret,
611 3752 659 3782 esse
672 3735 773 3801 ineptum
816 3731 934 3784 luculum
942 3751 1045 3799 ,mane,
1053 3731 1329 3802 vespera‚primafax,

265 3812 389 3863 cerdonem
405 3811 577 3878 affectatorem.
600 3809 709 3864 Colerus
724 3829 774 3882 pro
817 3811 946 3880 concubia
968 3823 994 3864 et
1018 3812 1174 3882 intempesta
1196 3829 1267 3878 nox,
1292 3811 1330 3862 ita

265 3890 409 3964 loquutionis
416 3893 513 3959 flagitia
526 3889 640 3943 declarat
648 3888 775 3960 loquendi
818 3888 888 3944 dieta
896 3930 912 3963 ,⁴
920 3889 993 3961 quod
1005 3909 1060 3942 non
1074 3891 1107 3942 sit
1121 3889 1246 3942 idoneum
1261 3902 1330 3942 tem·

265 3972 395 4023 rationem
400 3968 595 4041 Valerii,quod
604 3970 726 4021 decessisse
736 3989 775 4020 ea·
818 3989 867 4041 pus
880 3969 959 4021 rebus
967 3968 1096 4042 gerendis.
1113 3967 1176 4022 Vid.
1191 3969 1262 4022 Gell.
1273 3969 1331 4035 Ill,

268 4052 361 4112 tellum,
377 4070 443 4122 quem
454 4050 537 4122 puella
547 4054 570 4101 in
584 4051 674 4102 deliciis
687 4049 774 4100 labue-
822 4067 853 4115 ²3
870 4049 990 4102 Macrob.
1005 4048 1109 4102 Saturn.
1125 4050 1152 4115 Ι,
1169 4051 1195 4102 3.

266 4143 319 4194 rat,
334 4129 450 4186 dixisset.
465 4162 506 4175 -
519 4130 569 4184 Au.
587 4129 622 4184 U.
641 4130 706 4186 585.
719 4129 773 4184 Cic.
860 4135 885 4193 4.
901 4129 958 4182 Mea
969 4129 1030 4186 sede.
1045 4126 1132 4185 codd.
1145 4127 1220 4183 MSS.
1232 4128 1333 4199 passim
