2864 4994
332 457 440 526 CAP.
473 457 509 543 1,
536 455 605 524 DE
636 455 952 526 RELIGIONE.
1127 457 1174 530 25

108 603 211 675 teras,
234 601 269 656 et
294 612 452 674 coronas,
473 611 547 682 quae
569 585 822 656 simulacrorum
843 589 1005 682 porrectis
1025 589 1177 660 manibus

108 695 377 784 sustinebantur,
398 693 549 782 tollebat,
571 709 605 763 et
626 718 680 762 eas
702 719 736 763 se
754 696 921 789 accipere,
943 719 1012 763 non
1031 695 1178 783 auferre,

107 802 265 870 dicebat:
285 825 445 896 perquam
466 798 603 870 stultum
625 823 696 870 esse
713 799 999 894 argumentando,
1016 824 1037 869 a
1058 801 1177 895 quibus

107 908 198 975 bona
220 933 411 1002 precamur,
431 907 473 976 ab
494 907 547 975 his
562 894 816 1003 ‘porrigentibus
836 905 924 976 nolle
947 931 1084 976 sumere.
1109 909 1178 996 Qui

106 1015 240 1082 tametsi
264 1015 375 1083 debita
400 1010 560 1108 supplicia
585 1039 654 1083 nou
677 1011 816 1082 exsolvit
827 1012 849 1099 ¹,
874 1011 1037 1082 dedecore
1065 1028 1177 1083 tamen

106 1119 182 1207 filii,
197 1135 350 1190 mortuus
366 1144 481 1229 poepas
494 1121 664 1214 rependit,
678 1145 760 1214 quas
774 1119 868 1188 vivus
881 1117 1053 1213 effingeret.
1068 1122 1176 1188 Lento

105 1228 195 1294 enim
217 1228 324 1322 gradu
341 1226 384 1294 ad
404 1225 584 1296 vindictum
607 1228 656 1296 sui
675 1226 787 1294 divina
804 1225 955 1320 procedit
972 1227 1041 1310 ira3
1069 1226 1176 1294 turdi·

104 1347 275 1426 tatemque
294 1331 446 1428 supplicii
467 1334 628 1428 gravitate
648 1347 842 1427 compensat
852 1330 872 1399 ².

159 1450 194 1532 Δ.
214 1448 256 1514 In
278 1471 379 1542 quam
397 1471 439 1515 ne
461 1446 621 1516 incideret
637 1447 857 1516 Timasitheus
865 1430 889 1532 ³,
906 1447 1173 1540 Liparitanorum

103 1553 278 1646 princeps,
304 1551 441 1622 consilio
470 1554 531 1622 sibi
558 1554 700 1647 pariter,
727 1567 825 1646 atque
851 1553 1012 1622 universae
1037 1556 1173 1648 patriae,

102 1658 176 1728 utili
195 1659 341 1754 providit
360 1657 521 1754 exemplo.
539 1663 688 1753 Excepta
702 1682 845 1754 namque
862 1659 896 1727 in
910 1658 995 1728 freto
1006 1683 1028 1727 a
1044 1660 1172 1728 civibus

104 1767 169 1835 suis
182 1767 356 1860 piraticam
375 1766 601 1836 exercentibus
613 1768 725 1860 magni
742 1756 896 1860 ponderis
914 1789 1014 1834 aurea
1028 1780 1173 1852 cratera,

103 1986 206 2019 morem
227 1966 438 2034 subsecundat,
460 1968 614 2041 urimpera·
658 1987 742 2040 quum
756 1967 883 2022 Camillus
899 1967 926 2020 in
940 1967 1080 2021 obsidione
1087 1968 1169 2020 Veio-

102 2059 172 2098 tores
198 2060 276 2119 parta
300 2065 332 2099 ex
356 2047 478 2101 hostibus
503 2049 614 2102 victoria
657 2068 719 2101 rum
737 2047 868 2101 decimam
886 2045 983 2118 praede
1002 2060 1105 2118 partem
1120 2067 1168 2100 vo-

102 2139 199 2178 statuas
219 2125 346 2198 quasdam
366 2137 393 2179 et
412 2127 538 2198 imagines
557 2127 614 2182 dem
656 2129 736 2181 risset
749 2127 885 2199 Apollini,
899 2138 925 2179 et
938 2127 1053 2197 populus
1063 2145 1165 2181 roman.

103 2207 221 2258 Victoriae
239 2219 439 2273 consecrarent,
453 2207 526 2278 quod
545 2209 614 2261 The·
656 2220 785 2261 crateram
792 2207 1166 2278 fierijuberetauream‚quam

102 2285 249 2338 mistoclem
261 2285 351 2338 iecisse
366 2286 548 2352 Quintilianus
565 2301 615 2342 tes·
656 2287 1167 2358 miseruutDelphos.Legatoscumpree-

103 2377 170 2417 tatur
184 2366 307 2418 Institut.
324 2378 391 2418 orat.
407 2367 457 2418 IX.
472 2366 524 2420 Sed
541 2369 613 2420 Vor·
655 2366 724 2421 sidio
738 2368 847 2420 narium
859 2365 1038 2420 Timasitheus
1051 2379 1090 2419 est
1104 2387 1165 2438 pro·

101 2444 163 2498 etius
175 2445 237 2497 vult
248 2483 256 2509 ,
268 2445 418 2498 victoriolas
433 2446 503 2510 illas,
522 2448 562 2502 uti
575 2449 613 2500 lo·
655 2459 796 2520 sequutus,
810 2445 941 2517 iecitque,
954 2459 984 2499 ut
997 2446 1106 2518 sospites
1122 2465 1164 2498 re-

99 2525 190 2596 quitur
204 2524 313 2589 Cicero,
329 2543 384 2576 non
402 2525 472 2597 ipsas
486 2527 613 2581 Victoria
654 2540 834 2592 verterentur3
850 2525 921 2578 unde
932 2546 963 2579 ex
979 2525 1029 2578 SC.
1050 2525 1165 2580 amicitia

99 2617 195 2657 statuas
210 2603 306 2669 fuisse,
318 2602 365 2656 sed
378 2604 487 2676 aliquod
499 2625 611 2678 parrum
654 2627 717 2662 cum
732 2625 765 2660 eo
780 2618 819 2659 est
835 2607 919 2671 iacta,
933 2604 1055 2676 donaque
1064 2605 1103 2657 illi
1112 2625 1163 2677 pu·

99 2685 286 2748 simulacrum,
295 2682 368 2756 quod
378 2686 500 2739 manibus
512 2699 610 2740 statua·
653 2687 722 2740 blice
735 2685 805 2740 data.
816 2717 856 2727 -
867 2687 1070 2756 Liparitanorum.
1086 2685 1164 2756 Lipa-

99 2783 156 2816 rum
163 2763 291 2816 sustineri
300 2764 407 2817 solitum
414 2765 503 2819 tuerit.
510 2767 610 2820 Earum
654 2785 683 2820 re
697 2767 795 2830 insula,
807 2783 860 2818 una
876 2785 908 2818 ex
923 2766 1021 2818 AEoliis.

100 2855 184 2896 autem
198 2843 284 2896 forma
295 2842 323 2896 in
334 2845 449 2917 antiquis
460 2847 548 2899 nuruis
559 2848 610 2900 fre-
692 2847 759 2911 Quae
775 2864 846 2897 nunc
864 2842 991 2916 usquead
1013 2844 1163 2914 exemplum

7 2959 9 2974 ‚
99 2941 188 2993 quens.
225 2955 266 2966 -
292 2924 402 2978 Poteras.
416 2924 486 2979 Vide
512 2925 608 2980 Isidor.
653 2923 824 2996 deDejotaro
842 2942 904 2995 rege
922 2941 979 2994 cap.
993 2923 1036 2988 V,
1050 2941 1163 2994 sequun-

96 3003 162 3069 XX,
182 3003 208 3056 5.
376 3011 380 3057 Ξ
652 3017 715 3071 tur,
736 3002 820 3056 Aldus
845 3003 947 3075 primus
972 3002 1094 3073 apposuit
1109 3020 1115 3056 :
1132 3004 1159 3055 in

139 3103 162 3136 r.
180 3083 305 3138 Exsolvit.
321 3085 361 3136 Ex
381 3097 469 3138 mente
485 3085 606 3141 Cicerou.
649 3083 784 3156 plerisque
798 3081 877 3137 codd.
891 3081 967 3135 MSS.
983 3081 1087 3135 desunt.
1099 3081 1162 3136 Haec

98 3161 130 3214 de
138 3163 171 3216 N.
182 3163 217 3215 D.
226 3163 278 3216 111.
295 3165 416 3217 lustinus
428 3163 536 3236 quidem
549 3185 608 3219 cru·
645 3161 968 3218 ‘concisioraridenturex
974 3163 1090 3234 epitome
1099 3182 1162 3234 qua·

7 3243 8 3254 ¹
98 3241 218 3296 delitera
238 3243 293 3296 suis
316 3257 437 3298 necatum
461 3259 606 3312 memorat3
650 3243 712 3296 darn
726 3244 828 3297 Valerii
848 3245 978 3297 restituta.
1001 3244 1061 3308 Qua
1082 3241 1116 3295 de
1131 3263 1161 3296 re

7 3383 8 3394 2
98 3320 142 3375 sed
155 3323 217 3394 plus
232 3321 395 3376 credendum
418 3321 549 3378 Ciceroni.
565 3359 606 3370 -
648 3325 720 3396 lege,
736 3323 986 3397 siplacet,Vorstii
999 3335 1098 3375 notam.
1120 3357 1160 3386 ,-

7 3397 8 3452 l
97 3403 227 3455 Dedecore.
253 3403 293 3456 De
313 3422 368 3475 quo
387 3405 528 3469 dontinus,
542 3405 604 3460 XX.
649 3405 755 3457 Pariter.
777 3403 877 3456 Passim
900 3404 979 3456 aliter.
1000 3401 1051 3455 Sed
1064 3407 1160 3473 pariter

97 3481 147 3534 Hic
160 3481 272 3534 demum
286 3483 410 3536 Corinthi
422 3483 604 3538 sordidissimo
647 3496 763 3550 rectum,
775 3482 848 3555 quod
862 3481 942 3536 etiarn
953 3481 1028 3554 Pigh.
1041 3483 1069 3534 in
1082 3481 1159 3536 MSS.

7 3595 8 3602 .
97 3562 155 3613 vita
174 3580 271 3633 genere
288 3564 386 3616 victum
399 3564 490 3636 petiit,
509 3581 539 3616 ac
557 3585 604 3636 po-
647 3563 758 3616 invenit.
772 3563 842 3616 Nam
854 3562 1031 3616 Timasitheus
1043 3563 1089 3614 sibi
1103 3563 1158 3616 hoo

96 3643 603 3713 stremopuerosintriviisdocuit‚unde
647 3644 715 3696 facto
744 3645 926 3695 Romanorum
945 3642 1157 3694 benevolentiam
1266 3681 1268 3703 .

95 3720 123 3771 in
134 3721 306 3791 proverbium
315 3722 380 3776 abiit
390 3725 509 3784 Διονύσιος
519 3725 542 3776 ir
554 3729 603 3776 Ka·
646 3736 672 3776 et
685 3722 827 3776 amicitiam
839 3713 1006 3785 conciliavit,
1019 3722 1052 3774 ita
1066 3734 1097 3773 ut
1109 3722 1157 3774 ho-

95 3800 170 3870 ρὶνθῳ.
181 3799 253 3853 Vide
264 3801 421 3867 sutiam,
438 3822 471 3856 ra
483 3843 491 3869 ‚
502 3804 555 3869 lx,
573 3805 599 3856 8.
645 3804 754 3876 spitium
775 3822 837 3856 curn
852 3821 884 3855 eo
899 3803 1015 3854 facerent
1034 3815 1060 3854 et
1077 3800 1154 3854 donis

136 3901 161 3933 a.
183 3880 334 3951 Compensat.
359 3883 392 3934 In
412 3884 501 3937 multis
520 3882 598 3938 codd.
644 3882 733 3953 ipsum
747 3895 886 3952 ornarent,
904 3901 960 3934 non
976 3882 1061 3935 solum
1076 3895 1157 3948 tunc,

7 3977 8 4014 1
95 3957 168 4012 MSS.
176 3973 270 4029 pensat.
284 3959 393 4016 -Vid
409 3965 476 4017 Just.
489 3963 557 4030 xit,
572 3965 623 4034 in,
645 3961 689 4016 sed
710 3963 789 4016 etiam
804 3982 864 4036 erga
883 3975 1003 4036 posteros
1022 3963 1077 4032 ejus
1099 3981 1153 4013 sese

7 4047 8 4070 ¹
95 4036 141 4089 fin.
157 4050 183 4090 et
196 4041 280 4106 XXI,
297 4041 323 4095 5.
644 4042 724 4115 hujus
746 4041 870 4098 beneficii
889 4061 1019 4096 memores
1035 4038 1153 4094 ostende·

134 4115 160 4170 3.
174 4117 338 4174 Timasitheus.
347 4121 456 4178 Factum
467 4135 506 4179 est
519 4121 599 4189 illud,
643 4137 718 4192 rent,
732 4138 763 4182 ,ut
775 4121 853 4178 docet
867 4122 947 4178 Diod.
963 4121 1014 4175 Sic.
1031 4121 1107 4186 XIV,
1122 4140 1149 4192 p.
