2864 4994
253 474 301 520 20
461 445 682 514 VALERII
718 445 928 514 MAXIMI
963 449 1058 518 LIB.
1087 453 1113 518 l.

248 583 338 676 egit,
361 594 399 648 ut
426 576 590 673 sacrilegae
615 602 733 646 manus
757 579 843 646 inter
865 578 1050 673 fragmenta
1073 582 1143 676 ejus
1166 581 1315 654 abscissae

247 688 484 756 invenirentur.
507 681 679 756 Brennus¹
707 682 880 754 Gallorum
906 685 973 754 dux
997 686 1136 782 Delphis
1156 689 1317 783 Apollinis

249 793 409 888 templum
428 793 613 886 ingressus,
636 789 688 858 dei
709 789 880 860 voluntate
903 793 938 860 in
956 817 990 862 se
1010 817 1127 864 manus
1147 797 1254 865 vertit.

308 949 362 1020 19·
384 930 453 994 Nec
473 925 581 992 minus
598 922 717 991 efficax
730 921 819 993 ultor
835 938 1034 1019 contemptae
1049 925 1215 1022 religionis
1230 928 1316 998 filius

249 1057 380 1129 quoque
393 1031 463 1124 ejus
477 1027 700 1122 AEsculapius,
722 1031 778 1123 qui
797 1045 1027 1100 consecratum
1046 1032 1171 1127 templo
1190 1060 1250 1103 suo
1273 1035 1318 1103 lu·

247 1151 324 1208 cum
342 1163 361 1205 a
378 1133 546 1206 Turullio⁷
561 1134 718 1229 praefecto
736 1137 888 1222 Antonii,
907 1137 949 1205 ad
965 1160 1066 1206 naves
1083 1141 1113 1206 ei
1126 1139 1316 1230 faciendas,

229 1262 366 1338 ‘magna
387 1267 428 1310 ex
452 1257 546 1336 parte
566 1241 730 1310 succisum
752 1240 890 1328 dolens,
914 1244 1000 1310 inter
1025 1245 1133 1337 ipsum
1153 1233 1315 1316 nefarium

202 1384 207 1397 ·
245 1350 463 1420 ministerium
489 1347 626 1415 devictis
654 1346 805 1439 partibus
832 1348 985 1435 Antonii,
1010 1349 1150 1443 imperio
1178 1355 1318 1422 Caesaris

244 1457 444 1526 destinatum
455 1454 555 1521 morti
564 1450 767 1539 Turullium,
778 1452 957 1522 manifestis
967 1457 1111 1524 numinis
1125 1458 1175 1525 sui
1190 1460 1316 1528 viribus

245 1588 322 1632 eum
345 1564 380 1646 in
401 1560 531 1646 lucum,
558 1581 656 1652 quem
683 1556 884 1646 violaverat,
908 1561 1035 1628 traxit:
1058 1561 1253 1656 effecitque,
1279 1580 1316 1633 nt

244 1670 290 1736 ibi
305 1666 513 1762 potissimum
532 1687 551 1732 a
566 1663 724 1733 militibus
738 1664 931 1733 Caesarianis
951 1665 1096 1756 occisus,
1114 1667 1231 1739 eodem
1249 1672 1315 1740 exi·

148 1853 153 1861 ¹
245 1775 311 1861 tio,
333 1788 367 1840 et
387 1773 509 1840 eversis
527 1771 597 1863 jam
619 1769 792 1840 arboribus
810 1795 925 1864 poenas
944 1769 1066 1860 lueret,
1085 1787 1119 1842 et
1136 1774 1245 1846 adhuc
1267 1803 1316 1846 su·

244 1862 467 1974 perentibus³
504 1877 746 1946 immunitatem
777 1875 954 1946 consimilis
991 1877 1117 1971 injuriae
1149 1898 1281 1975 pareret
1308 1909 1317 1950 τ

194 2069 196 2072 ¹
247 2007 405 2078 suamque
429 1984 696 2071 venerationem,
723 2007 823 2076 quam
852 1983 942 2077 apud
970 1981 1115 2055 colentes
1139 1989 1316 2058 maximam

248 2116 377 2186 semper
396 2089 576 2178 habuerat,
592 2088 673 2158 deus
696 2075 957 2182 multiplicavitl.

302 2247 360 2293 no.
381 2224 422 2310 Q.
443 2235 553 2289 autem
574 2219 708 2288 Fulvius
730 2218 866 2290 Flaccus
880 2222 1015 2315 impune
1033 2247 1102 2292 non
1111 2215 1212 2313 tulit,
1228 2226 1318 2320 quod
1416 2267 1417 2310 ;

293 2433 763 2503 1.Brenuus.DeBrenno,postremo
806 2431 846 2484 Co
863 2426 925 2496 (ubi
944 2433 1034 2488 lucum
1054 2437 1214 2508 AEsculapii‚
1231 2439 1321 2492 classis

152 2569 154 2574 ,
227 2583 230 2588 .
251 2515 280 2566 in
292 2515 411 2565 furorem
423 2531 499 2565 verso
508 2552 515 2576 ,
525 2512 617 2564 evolve
631 2512 645 2563 J
650 2524 700 2564 ust.
714 2509 761 2564 lib.
805 2510 930 2584 parandae
950 2532 1057 2578 caussa,
1072 2516 1209 2570 Turullius
1233 2521 1319 2572 succi-

251 2593 402 2647 XXIX.--
413 2591 506 2660 Templi
518 2591 632 2662 Debrlaeici
643 2590 762 2654 divitis,
807 2588 882 2644 derat
892 2588 916 2657 l,
935 2593 1007 2646 velut
1023 2595 1051 2646 in
1065 2595 1212 2650 vindictam
1228 2601 1319 2652 nurni-

252 2691 317 2745 quas
325 2671 388 2724 inde
398 2672 526 2723 estimare
533 2668 687 2741 licet,quod
694 2683 766 2741 post·
807 2671 849 2723 nis
868 2683 907 2724 est
921 2673 1031 2726 occisus.

252 2772 283 2806 ea
303 2753 473 2805 Phocaeenses
493 2748 527 2801 ad
540 2750 641 2802 bellum
660 2768 764 2802 sacrum
849 2757 875 2804 3.
886 2749 1067 2822 superantibus.
1077 2751 1111 2804 Id
1124 2767 1178 2820 est,
1192 2759 1318 2827 supersti-

252 2833 313 2904 plus
328 2850 408 2904 quam
423 2829 515 2883 decem
533 2830 692 2883 talentorum
706 2849 765 2900 my·
808 2829 880 2884 tibus
889 2843 916 2884 et
925 2830 1011 2885 adhuc
1023 2833 1193 2887 exstantibus.
1212 2867 1253 2878 —
1269 2837 1318 2890 Im·

253 2911 340 2965 riades
360 2909 423 2962 inde
439 2909 603 2981 occeperint,
621 2920 659 2962 tot
673 2909 765 2962 tantis·
809 2914 947 2962 munitatem
955 2911 1320 2983 MituleriusatqueVorstius

255 3009 307 3062 qne
319 2989 396 3042 donis
411 3007 472 3041 cum
488 2990 644 3041 Graecorum
655 3001 712 3040 tom
725 3008 768 3042 ex·
808 2989 895 3060 legere
904 2991 1018 3056 malunt,
1026 3003 1052 3044 et
1062 3011 1105 3044 me
1112 2991 1221 3064 quidem
1230 2994 1320 3065 judice

230 3067 374 3122 ¹terarum
382 3068 601 3138 gentinmelocis
612 3079 665 3119 tam
679 3067 768 3119 diver·
809 3081 881 3122 recte
896 3069 1048 3141 improbant
1068 3075 1228 3142 impunitatem
1247 3074 1318 3147 inju·
1415 3113 1416 3122 η

259 3151 294 3202 sis
309 3147 450 3219 quotannis
467 3157 566 3210 aucte,
586 3146 703 3198 multum
721 3145 768 3197 ho·
810 3146 872 3215 rin,
884 3166 964 3219 quam
974 3167 1066 3202 vocem
1076 3151 1121 3204 alii
1129 3152 1236 3206 babent.
1245 3155 1320 3225 Inju·

259 3227 343 3282 stibus
360 3226 531 3297 prebuerunt
551 3224 714 3277 incitamenti
735 3222 768 3276 ad
810 3224 857 3277 rie
866 3240 954 3280 autem
961 3231 1174 3283 immunitasineo
1184 3233 1320 3301 consistit,

259 3304 426 3378 rapiendum.
446 3336 486 3347 -
508 3305 558 3356 An.
577 3302 612 3356 U.
633 3308 697 3374 607.
711 3303 768 3357 Cic.
811 3304 885 3375 quod
894 3307 1149 3380 Turullius,utpote
1160 3313 1321 3378 exstinctus,

260 3386 294 3439 de
305 3387 366 3438 Div.
380 3385 407 3448 I,
426 3385 475 3449 383
487 3385 557 3455 App.
571 3383 664 3435 Punic.
679 3403 706 3454 p.
722 3383 768 3454 573
811 3385 918 3438 arbores
931 3405 986 3440 non
1000 3389 1112 3458 amplius
1126 3389 1260 3444 succidere
1275 3390 1322 3464 po'·

258 3465 355 3519 Justin.
373 3469 418 3525 nt.
811 3475 891 3533 terat,
901 3465 1040 3538 quodque,
1051 3480 1082 3519 ut
1090 3470 1209 3543 loquitur
1218 3484 1324 3538 noster,

303 3565 330 3597 2.
340 3545 365 3595 T
363 3541 770 3595 urullto.1>.turuttiusintercae·
812 3544 892 3598 exitio
904 3565 953 3598 suo
963 3546 1158 3602 immunitatem
1173 3568 1231 3602 earn
1247 3553 1323 3606 arbo·

262 3625 327 3678 saris
339 3621 403 3681 dict.
412 3640 578 3694 percussores
590 3621 771 3693 proscriptus,
812 3623 885 3677 ribus
898 3638 1045 3699 pepererat.

262 3715 352 3776 postea
367 3702 438 3754 bello
458 3701 564 3754 Actiaco
580 3701 701 3772 partibus
715 3704 770 3753 An-
854 3710 881 3768 4.
902 3705 1081 3777 Multiplr'carit.
1101 3708 1162 3761 Non
1182 3727 1243 3762 cum
1265 3711 1326 3764 eliis

263 3783 331 3836 tonii
347 3779 475 3843 adhesit,
493 3793 519 3832 et
539 3781 572 3832 ab
589 3778 683 3833 eodem
699 3779 770 3852 apud
813 3784 982 3853 multprliemet
1000 3785 1141 3856 legendum
1158 3807 1165 3841 :
1184 3807 1246 3840 nam
1267 3809 1322 3844 non

262 3860 427 3925 Leucadem,
445 3861 590 3912 Ambracia
611 3872 769 3931 promonto·
796 3860 1081 3931 ,adTurnllium,sed
1094 3866 1127 3920 ad
1141 3867 1321 3940 AEsculapium

219 3989 220 3992 ,
263 3944 413 4012 rium,jnm
422 3940 493 3992 victo
506 3951 532 3991 et
545 3939 654 4010 gratiam
666 3941 771 3993 sibimet
813 3941 870 3994 haec
883 3961 935 3994 vox
953 3955 992 3996 est
1002 3945 1151 4014 referenda,
1167 3949 1270 4002 -An
1288 3951 1324 4001 U.

264 4013 395 4074 ambiente
416 4017 538 4090 proditus
561 4033 639 4090 atque
659 4019 780 4073 traditus·
815 4021 880 4090 723.
896 4021 976 4074 Dion.
991 4023 1050 4078 hist.
1070 4026 1170 4098 Lll,p.
1186 4031 1257 4093 44&
1273 4029 1326 4082 Ln-

265 4105 381 4175 Augusto
397 4109 452 4167 est,
467 4101 541 4172 cujus
553 4103 623 4172 jussu
639 4100 666 4152 in
685 4100 770 4153 insula
813 4111 893 4155 etant.
912 4099 956 4169 11,
972 4121 998 4174 7.
