<?xml version="1.0" encoding="UTF-8"?>
<!DOCTYPE html PUBLIC "-//W3C//DTD XHTML 1.0 Transitional//EN"
    "http://www.w3.org/TR/xhtml1/DTD/xhtml1-transitional.dtd">
<html xmlns="http://www.w3.org/1999/xhtml" xml:lang="en" lang="en">
 <head>
  <title>
</title>
<meta http-equiv="Content-Type" content="text/html;charset=utf-8" />
  <meta name='ocr-system' content='tesseract 3.04.00' />
  <meta name='ocr-capabilities' content='ocr_page ocr_carea ocr_par ocr_line ocrx_word'/>
</head>
<body>
  <div class='ocr_page' id='page_1' title='image "bibliothecaclas96lemagoog_0022.png"; bbox 0 0 2864 4994; ppageno 0'>
   <div class='ocr_carea' id='block_1_1' title="bbox 360 431 1193 508">
    <p class='ocr_par' dir='ltr' id='par_1_1' title="bbox 360 431 1193 508">
     <span class='ocr_line' id='line_1_1' title="bbox 360 431 1193 508; baseline 0.012 -10"><span class='ocrx_word' id='word_1_1' title='bbox 360 431 430 498; x_wconf 87' lang='lat' dir='ltr'>DE</span> <span class='ocrx_word' id='word_1_2' title='bbox 457 431 695 499; x_wconf 87' lang='lat' dir='ltr'><strong>VALERIO</strong></span> <span class='ocrx_word' id='word_1_3' title='bbox 721 431 952 501; x_wconf 82' lang='lat' dir='ltr'><strong>MAXIMO.</strong></span> <span class='ocrx_word' id='word_1_4' title='bbox 1116 463 1193 508; x_wconf 82' lang='lat' dir='ltr'>xvir</span> 
     </span>
    </p>
   </div>
   <div class='ocr_carea' id='block_1_2' title="bbox 122 559 1245 1611">
    <p class='ocr_par' dir='ltr' id='par_1_2' title="bbox 122 559 1245 1611">
     <span class='ocr_line' id='line_1_2' title="bbox 122 559 1195 658; baseline 0.005 -24"><span class='ocrx_word' id='word_1_5' title='bbox 122 590 201 635; x_wconf 89' lang='lat' dir='ltr'>nem</span> <span class='ocrx_word' id='word_1_6' title='bbox 218 559 399 656; x_wconf 85' lang='lat' dir='ltr'>aliquando</span> <span class='ocrx_word' id='word_1_7' title='bbox 416 561 561 655; x_wconf 83' lang='lat' dir='ltr'><strong>prodant</strong></span> <span class='ocrx_word' id='word_1_8' title='bbox 572 560 628 630; x_wconf 92' lang='lat' dir='ltr'>illa</span> <span class='ocrx_word' id='word_1_9' title='bbox 642 561 727 630; x_wconf 86' lang='lat' dir='ltr'>lere¹</span> <span class='ocrx_word' id='word_1_10' title='bbox 743 576 838 632; x_wconf 84' lang='lat' dir='ltr'>aetate</span> <span class='ocrx_word' id='word_1_11' title='bbox 856 565 1042 658; x_wconf 83' lang='lat' dir='ltr'><strong>indignam,</strong></span> <span class='ocrx_word' id='word_1_12' title='bbox 1057 569 1120 637; x_wconf 88' lang='lat' dir='ltr'>viri</span> <span class='ocrx_word' id='word_1_13' title='bbox 1135 570 1195 639; x_wconf 91' lang='lat' dir='ltr'>do·</span> 
     </span>
     <span class='ocr_line' id='line_1_3' title="bbox 123 667 1198 764; baseline 0.004 -23"><span class='ocrx_word' id='word_1_14' title='bbox 123 673 170 742; x_wconf 86' lang='lat' dir='ltr'>cti</span> <span class='ocrx_word' id='word_1_15' title='bbox 185 669 314 738; x_wconf 89' lang='lat' dir='ltr'>habent</span> <span class='ocrx_word' id='word_1_16' title='bbox 329 692 392 762; x_wconf 89' lang='lat' dir='ltr'>pro</span> <span class='ocrx_word' id='word_1_17' title='bbox 407 670 554 762; x_wconf 89' lang='lat' dir='ltr'>epitoma</span> <span class='ocrx_word' id='word_1_18' title='bbox 568 693 609 736; x_wconf 81' lang='lat' dir='ltr'>ex</span> <span class='ocrx_word' id='word_1_19' title='bbox 626 669 753 760; x_wconf 88' lang='lat' dir='ltr'>majore</span> <span class='ocrx_word' id='word_1_20' title='bbox 766 667 891 738; x_wconf 89' lang='lat' dir='ltr'>Valerii</span> <span class='ocrx_word' id='word_1_21' title='bbox 910 695 1010 764; x_wconf 90' lang='lat' dir='ltr'>opere</span> <span class='ocrx_word' id='word_1_22' title='bbox 1024 677 1198 744; x_wconf 90' lang='lat' dir='ltr'>concinna-</span> 
     </span>
     <span class='ocr_line' id='line_1_4' title="bbox 122 773 1245 867; baseline 0.005 -22"><span class='ocrx_word' id='word_1_23' title='bbox 122 791 175 864; x_wconf 87' lang='lat' dir='ltr'>ta,</span> <span class='ocrx_word' id='word_1_24' title='bbox 190 774 245 844; x_wconf 86' lang='lat' dir='ltr'>vel</span> <span class='ocrx_word' id='word_1_25' title='bbox 264 800 285 843; x_wconf 90' lang='lat' dir='ltr'>a</span> <span class='ocrx_word' id='word_1_26' title='bbox 300 775 392 844; x_wconf 70' lang='lat' dir='ltr'>Jahn</span> <span class='ocrx_word' id='word_1_27' title='bbox 405 773 547 858; x_wconf 80' lang='lat' dir='ltr'>Paride,</span> <span class='ocrx_word' id='word_1_28' title='bbox 565 788 603 842; x_wconf 93' lang='lat' dir='ltr'>ut</span> <span class='ocrx_word' id='word_1_29' title='bbox 613 775 752 843; x_wconf 87' lang='lat' dir='ltr'>Vossius</span> <span class='ocrx_word' id='word_1_30' title='bbox 769 775 902 867; x_wconf 87' lang='lat' dir='ltr'>conjicit</span> <span class='ocrx_word' id='word_1_31' title='bbox 916 776 957 844; x_wconf 89' lang='lat' dir='ltr'>de</span> <span class='ocrx_word' id='word_1_32' title='bbox 971 777 1054 847; x_wconf 90' lang='lat' dir='ltr'>Hist.</span> <span class='ocrx_word' id='word_1_33' title='bbox 1069 778 1124 849; x_wconf 90' lang='lat' dir='ltr'>lat.</span> <span class='ocrx_word' id='word_1_34' title='bbox 1140 782 1195 851; x_wconf 91' lang='lat' dir='ltr'>lib.</span> <span class='ocrx_word' id='word_1_35' title='bbox 1237 777 1245 796; x_wconf 94' lang='grc'><em>’</em></span> 
     </span>
     <span class='ocr_line' id='line_1_5' title="bbox 126 874 1196 981; baseline 0.007 -32"><span class='ocrx_word' id='word_1_36' title='bbox 126 883 159 969; x_wconf 84' lang='grc' dir='ltr'>Ι,</span> <span class='ocrx_word' id='word_1_37' title='bbox 173 906 246 976; x_wconf 91' lang='lat' dir='ltr'>cap.</span> <span class='ocrx_word' id='word_1_38' title='bbox 266 883 316 966; x_wconf 73' lang='lat'>24</span> <span class='ocrx_word' id='word_1_39' title='bbox 331 874 466 968; x_wconf 81' lang='lat' dir='ltr'>(confer</span> <span class='ocrx_word' id='word_1_40' title='bbox 480 879 697 948; x_wconf 87' lang='lat' dir='ltr'>Lambecium</span> <span class='ocrx_word' id='word_1_41' title='bbox 711 903 738 948; x_wconf 92' lang='lat'>11</span> <span class='ocrx_word' id='word_1_42' title='bbox 752 878 793 948; x_wconf 90' lang='lat' dir='ltr'>de</span> <span class='ocrx_word' id='word_1_43' title='bbox 809 879 1038 952; x_wconf 88' lang='lat' dir='ltr'>BiblVindob.</span> <span class='ocrx_word' id='word_1_44' title='bbox 1053 911 1085 979; x_wconf 91' lang='lat' dir='ltr'>p.</span> <span class='ocrx_word' id='word_1_45' title='bbox 1102 885 1196 981; x_wconf 68' lang='lat'>9343</span> 
     </span>
     <span class='ocr_line' id='line_1_6' title="bbox 122 984 1196 1080; baseline 0.005 -23"><span class='ocrx_word' id='word_1_46' title='bbox 122 987 223 1080; x_wconf 86' lang='lat' dir='ltr'>quod</span> <span class='ocrx_word' id='word_1_47' title='bbox 243 1000 356 1054; x_wconf 86' lang='lat' dir='ltr'>tamen</span> <span class='ocrx_word' id='word_1_48' title='bbox 377 984 501 1054; x_wconf 87' lang='lat' dir='ltr'>librarii</span> <span class='ocrx_word' id='word_1_49' title='bbox 522 987 633 1079; x_wconf 90' lang='lat' dir='ltr'>potius</span> <span class='ocrx_word' id='word_1_50' title='bbox 652 1009 776 1054; x_wconf 88' lang='lat' dir='ltr'>nornen</span> <span class='ocrx_word' id='word_1_51' title='bbox 794 985 927 1054; x_wconf 89' lang='lat' dir='ltr'>videtur</span> <span class='ocrx_word' id='word_1_52' title='bbox 947 989 1019 1057; x_wconf 87' lang='lat' dir='ltr'>viro</span> <span class='ocrx_word' id='word_1_53' title='bbox 1041 989 1141 1060; x_wconf 89' lang='lat' dir='ltr'>docto</span> <span class='ocrx_word' id='word_1_54' title='bbox 1162 995 1196 1062; x_wconf 91' lang='lat' dir='ltr'>in</span> 
     </span>
     <span class='ocr_line' id='line_1_7' title="bbox 126 1084 1197 1186; baseline 0.007 -26"><span class='ocrx_word' id='word_1_55' title='bbox 126 1095 269 1162; x_wconf 85' lang='lat' dir='ltr'>Memor·</span> <span class='ocrx_word' id='word_1_56' title='bbox 282 1089 472 1160; x_wconf 88' lang='lat' dir='ltr'>Trivoltinis</span> <span class='ocrx_word' id='word_1_57' title='bbox 491 1115 568 1158; x_wconf 90' lang='lat' dir='ltr'>ann.</span> <span class='ocrx_word' id='word_1_58' title='bbox 586 1094 703 1186; x_wconf 74' lang='lat'>1714,</span> <span class='ocrx_word' id='word_1_59' title='bbox 722 1115 796 1184; x_wconf 88' lang='lat' dir='ltr'>pag.</span> <span class='ocrx_word' id='word_1_60' title='bbox 820 1084 904 1181; x_wconf 79' lang='lat'>51),</span> <span class='ocrx_word' id='word_1_61' title='bbox 918 1091 970 1160; x_wconf 90' lang='lat' dir='ltr'>vel</span> <span class='ocrx_word' id='word_1_62' title='bbox 989 1118 1010 1162; x_wconf 90' lang='lat' dir='ltr'>a</span> <span class='ocrx_word' id='word_1_63' title='bbox 1027 1099 1197 1168; x_wconf 69' lang='lat' dir='ltr'>lernaeae</span> 
     </span>
     <span class='ocr_line' id='line_1_8' title="bbox 125 1195 1198 1294; baseline 0.003 -25"><span class='ocrx_word' id='word_1_64' title='bbox 125 1195 359 1294; x_wconf 78' lang='lat' dir='ltr'>Nepott&#39;cmo&#39;,</span> <span class='ocrx_word' id='word_1_65' title='bbox 377 1221 450 1291; x_wconf 84' lang='lat' dir='ltr'>quae</span> <span class='ocrx_word' id='word_1_66' title='bbox 465 1195 585 1290; x_wconf 78' lang='lat' dir='ltr'>justior</span> <span class='ocrx_word' id='word_1_67' title='bbox 602 1197 690 1266; x_wconf 83' lang='lat' dir='ltr'>forte</span> <span class='ocrx_word' id='word_1_68' title='bbox 710 1195 850 1265; x_wconf 86' lang='lat' dir='ltr'>Cantelii</span> <span class='ocrx_word' id='word_1_69' title='bbox 871 1199 1012 1293; x_wconf 88' lang='lat' dir='ltr'>suspicio</span> <span class='ocrx_word' id='word_1_70' title='bbox 1032 1217 1089 1271; x_wconf 89' lang='lat' dir='ltr'>est.</span> <span class='ocrx_word' id='word_1_71' title='bbox 1109 1207 1198 1272; x_wconf 89' lang='lat' dir='ltr'>Fun-</span> 
     </span>
     <span class='ocr_line' id='line_1_9' title="bbox 123 1301 1198 1398; baseline 0.006 -26"><span class='ocrx_word' id='word_1_72' title='bbox 123 1303 189 1374; x_wconf 91' lang='lat' dir='ltr'>dus</span> <span class='ocrx_word' id='word_1_73' title='bbox 209 1303 309 1396; x_wconf 80' lang='lat' dir='ltr'>hujus</span> <span class='ocrx_word' id='word_1_74' title='bbox 326 1304 518 1397; x_wconf 87' lang='lat' dir='ltr'>posterioris</span> <span class='ocrx_word' id='word_1_75' title='bbox 536 1303 700 1397; x_wconf 89' lang='lat' dir='ltr'>opinionis</span> <span class='ocrx_word' id='word_1_76' title='bbox 718 1316 769 1370; x_wconf 85' lang='lat' dir='ltr'>est</span> <span class='ocrx_word' id='word_1_77' title='bbox 787 1301 944 1397; x_wconf 90' lang='lat' dir='ltr'>epistola,</span> <span class='ocrx_word' id='word_1_78' title='bbox 961 1329 1059 1398; x_wconf 89' lang='lat' dir='ltr'>quarn</span> <span class='ocrx_word' id='word_1_79' title='bbox 1079 1333 1119 1376; x_wconf 84' lang='lat' dir='ltr'>ex</span> <span class='ocrx_word' id='word_1_80' title='bbox 1137 1335 1198 1378; x_wconf 90' lang='lat' dir='ltr'>ve-</span> 
     </span>
     <span class='ocr_line' id='line_1_10' title="bbox 124 1406 1196 1502; baseline 0.006 -24"><span class='ocrx_word' id='word_1_81' title='bbox 124 1409 333 1478; x_wconf 81' lang='lat' dir='ltr'>terecodice</span> <span class='ocrx_word' id='word_1_82' title='bbox 354 1406 457 1477; x_wconf 83' lang='lat' dir='ltr'>edidit</span> <span class='ocrx_word' id='word_1_83' title='bbox 474 1406 645 1502; x_wconf 90' lang='lat' dir='ltr'>Philippus</span> <span class='ocrx_word' id='word_1_84' title='bbox 660 1407 833 1495; x_wconf 88' lang='lat' dir='ltr'>Labheus,</span> <span class='ocrx_word' id='word_1_85' title='bbox 852 1424 931 1478; x_wconf 87' lang='lat' dir='ltr'>torn.</span> <span class='ocrx_word' id='word_1_86' title='bbox 947 1412 983 1495; x_wconf 95' lang='lat' dir='ltr'>I,</span> <span class='ocrx_word' id='word_1_87' title='bbox 997 1411 1079 1480; x_wconf 88' lang='lat' dir='ltr'>Bibl.</span> <span class='ocrx_word' id='word_1_88' title='bbox 1099 1417 1196 1484; x_wconf 89' lang='lat' dir='ltr'><strong>MSS.</strong></span> 
     </span>
     <span class='ocr_line' id='line_1_11' title="bbox 123 1507 1197 1611; baseline 0.007 -29"><span class='ocrx_word' id='word_1_89' title='bbox 123 1507 315 1610; x_wconf 68' lang='lat' dir='ltr'>pag.&#39;669;</span> <span class='ocrx_word' id='word_1_90' title='bbox 333 1529 367 1582; x_wconf 88' lang='lat' dir='ltr'>et</span> <span class='ocrx_word' id='word_1_91' title='bbox 381 1514 458 1606; x_wconf 91' lang='lat' dir='ltr'>quia</span> <span class='ocrx_word' id='word_1_92' title='bbox 474 1512 607 1582; x_wconf 82' lang='lat' dir='ltr'>brevior</span> <span class='ocrx_word' id='word_1_93' title='bbox 622 1527 687 1600; x_wconf 91' lang='lat' dir='ltr'>est,</span> <span class='ocrx_word' id='word_1_94' title='bbox 701 1513 756 1582; x_wconf 91' lang='lat' dir='ltr'>hic</span> <span class='ocrx_word' id='word_1_95' title='bbox 771 1515 933 1608; x_wconf 91' lang='lat' dir='ltr'>integram</span> <span class='ocrx_word' id='word_1_96' title='bbox 949 1540 1117 1611; x_wconf 85' lang='lat' dir='ltr'>apponere</span> <span class='ocrx_word' id='word_1_97' title='bbox 1130 1546 1197 1589; x_wconf 92' lang='lat' dir='ltr'>non</span> 
     </span>
    </p>
   </div>
   <div class='ocr_carea' id='block_1_3' title="bbox 122 1620 304 1714">
    <p class='ocr_par' dir='ltr' id='par_1_3' title="bbox 122 1620 304 1714">
     <span class='ocr_line' id='line_1_12' title="bbox 122 1620 304 1714; baseline -0.022 -24"><span class='ocrx_word' id='word_1_98' title='bbox 122 1620 304 1714; x_wconf 86' lang='lat' dir='ltr'>gravabor.</span> 
     </span>
    </p>
   </div>
   <div class='ocr_carea' id='block_1_4' title="bbox 224 1775 1099 1888">
    <p class='ocr_par' dir='ltr' id='par_1_4' title="bbox 224 1775 1099 1888">
     <span class='ocr_line' id='line_1_13' title="bbox 224 1775 1099 1888; baseline 0.002 -30"><span class='ocrx_word' id='word_1_99' title='bbox 224 1775 424 1858; x_wconf 70' lang='lat' dir='ltr'>Ianuarius</span> <span class='ocrx_word' id='word_1_100' title='bbox 444 1789 676 1881; x_wconf 79' lang='lat' dir='ltr'>Nepotianus</span> <span class='ocrx_word' id='word_1_101' title='bbox 697 1789 836 1856; x_wconf 82' lang='lat' dir='ltr'>Victori</span> <span class='ocrx_word' id='word_1_102' title='bbox 852 1811 919 1856; x_wconf 84' lang='lat' dir='ltr'>sao</span> <span class='ocrx_word' id='word_1_103' title='bbox 939 1788 1099 1888; x_wconf 79' lang='lat' dir='ltr'>salutem.</span> 
     </span>
    </p>
   </div>
   <div class='ocr_carea' id='block_1_5' title="bbox 124 1952 1200 3524">
    <p class='ocr_par' dir='ltr' id='par_1_5' title="bbox 124 1952 1200 3524">
     <span class='ocr_line' id='line_1_14' title="bbox 186 1952 1196 2051; baseline 0.012 -30"><span class='ocrx_word' id='word_1_104' title='bbox 186 1977 212 2022; x_wconf 72' lang='grc' dir='ltr'>α·</span> <span class='ocrx_word' id='word_1_105' title='bbox 223 1957 411 2051; x_wconf 85' lang='lat' dir='ltr'>Impensius</span> <span class='ocrx_word' id='word_1_106' title='bbox 432 1979 532 2049; x_wconf 89' lang='lat' dir='ltr'>quam</span> <span class='ocrx_word' id='word_1_107' title='bbox 554 1954 664 2022; x_wconf 82' lang='lat' dir='ltr'>caeteri</span> <span class='ocrx_word' id='word_1_108' title='bbox 685 1952 908 2024; x_wconf 86' lang='lat' dir='ltr'>adolescentes</span> <span class='ocrx_word' id='word_1_109' title='bbox 929 1955 1044 2028; x_wconf 86' lang='lat' dir='ltr'>litteris</span> <span class='ocrx_word' id='word_1_110' title='bbox 1063 1963 1196 2033; x_wconf 90' lang='lat' dir='ltr'>studes:</span> 
     </span>
     <span class='ocr_line' id='line_1_15' title="bbox 124 2060 1199 2159; baseline 0.006 -28"><span class='ocrx_word' id='word_1_111' title='bbox 124 2088 196 2159; x_wconf 86' lang='lat' dir='ltr'>quo</span> <span class='ocrx_word' id='word_1_112' title='bbox 214 2077 344 2131; x_wconf 87' lang='lat' dir='ltr'>tantum</span> <span class='ocrx_word' id='word_1_113' title='bbox 363 2061 516 2157; x_wconf 87' lang='lat' dir='ltr'>proficis,</span> <span class='ocrx_word' id='word_1_114' title='bbox 533 2074 573 2129; x_wconf 87' lang='lat' dir='ltr'>ut</span> <span class='ocrx_word' id='word_1_115' title='bbox 590 2060 702 2152; x_wconf 80' lang='lat' dir='ltr'>exigas</span> <span class='ocrx_word' id='word_1_116' title='bbox 721 2062 843 2155; x_wconf 90' lang='lat' dir='ltr'>scripta</span> <span class='ocrx_word' id='word_1_117' title='bbox 863 2076 1015 2131; x_wconf 89' lang='lat' dir='ltr'>veterum</span> <span class='ocrx_word' id='word_1_118' title='bbox 1034 2072 1199 2158; x_wconf 86' lang='lat' dir='ltr'>coerceri,</span> 
     </span>
     <span class='ocr_line' id='line_1_16' title="bbox 127 2165 1197 2268; baseline 0.007 -31"><span class='ocrx_word' id='word_1_119' title='bbox 127 2172 175 2237; x_wconf 86' lang='lat' dir='ltr'>rni</span> <span class='ocrx_word' id='word_1_120' title='bbox 184 2170 317 2254; x_wconf 91' lang='lat' dir='ltr'>Victor,</span> <span class='ocrx_word' id='word_1_121' title='bbox 335 2166 424 2261; x_wconf 90' lang='lat' dir='ltr'>quod</span> <span class='ocrx_word' id='word_1_122' title='bbox 438 2165 600 2259; x_wconf 88' lang='lat' dir='ltr'>judicium</span> <span class='ocrx_word' id='word_1_123' title='bbox 616 2168 715 2233; x_wconf 88' lang='lat' dir='ltr'>etiam</span> <span class='ocrx_word' id='word_1_124' title='bbox 728 2167 763 2262; x_wconf 86' lang='lat' dir='ltr'>in</span> <span class='ocrx_word' id='word_1_125' title='bbox 780 2167 912 2236; x_wconf 89' lang='lat' dir='ltr'>senibus</span> <span class='ocrx_word' id='word_1_126' title='bbox 926 2193 1037 2239; x_wconf 88' lang='lat' dir='ltr'>rarum</span> <span class='ocrx_word' id='word_1_127' title='bbox 1053 2189 1112 2242; x_wconf 89' lang='lat' dir='ltr'>est.</span> <span class='ocrx_word' id='word_1_128' title='bbox 1130 2178 1197 2268; x_wconf 86' lang='lat' dir='ltr'>Igi-</span> 
     </span>
     <span class='ocr_line' id='line_1_17' title="bbox 128 2272 1199 2369; baseline 0.005 -25"><span class='ocrx_word' id='word_1_129' title='bbox 128 2291 186 2344; x_wconf 88' lang='lat' dir='ltr'>tur</span> <span class='ocrx_word' id='word_1_130' title='bbox 195 2273 238 2343; x_wconf 88' lang='lat' dir='ltr'>de</span> <span class='ocrx_word' id='word_1_131' title='bbox 244 2272 379 2343; x_wconf 89' lang='lat' dir='ltr'>Valerio</span> <span class='ocrx_word' id='word_1_132' title='bbox 389 2273 538 2340; x_wconf 87' lang='lat' dir='ltr'>Maximo</span> <span class='ocrx_word' id='word_1_133' title='bbox 550 2295 682 2340; x_wconf 87' lang='lat' dir='ltr'>mecum</span> <span class='ocrx_word' id='word_1_134' title='bbox 696 2273 810 2359; x_wconf 87' lang='lat' dir='ltr'>sentis,</span> <span class='ocrx_word' id='word_1_135' title='bbox 823 2298 925 2368; x_wconf 89' lang='lat' dir='ltr'>opera</span> <span class='ocrx_word' id='word_1_136' title='bbox 934 2275 1006 2369; x_wconf 84' lang='lat' dir='ltr'>ejus</span> <span class='ocrx_word' id='word_1_137' title='bbox 1019 2276 1110 2346; x_wconf 89' lang='lat' dir='ltr'>utilia</span> <span class='ocrx_word' id='word_1_138' title='bbox 1118 2305 1199 2366; x_wconf 91' lang='lat' dir='ltr'>esse,</span> 
     </span>
     <span class='ocr_line' id='line_1_18' title="bbox 129 2378 1198 2475; baseline 0.005 -25"><span class='ocrx_word' id='word_1_139' title='bbox 129 2383 159 2450; x_wconf 93' lang='lat' dir='ltr'>si</span> <span class='ocrx_word' id='word_1_140' title='bbox 172 2380 239 2450; x_wconf 91' lang='lat' dir='ltr'>sint</span> <span class='ocrx_word' id='word_1_141' title='bbox 252 2379 375 2447; x_wconf 89' lang='lat' dir='ltr'>brevia.</span> <span class='ocrx_word' id='word_1_142' title='bbox 395 2379 506 2472; x_wconf 80' lang='lat' dir='ltr'>Digna</span> <span class='ocrx_word' id='word_1_143' title='bbox 522 2379 610 2446; x_wconf 89' lang='lat' dir='ltr'>enim</span> <span class='ocrx_word' id='word_1_144' title='bbox 632 2378 830 2470; x_wconf 84' lang='lat' dir='ltr'>cogitatione</span> <span class='ocrx_word' id='word_1_145' title='bbox 849 2383 1036 2475; x_wconf 87' lang='lat' dir='ltr'>componit,</span> <span class='ocrx_word' id='word_1_146' title='bbox 1055 2385 1111 2452; x_wconf 90' lang='lat' dir='ltr'>sed</span> <span class='ocrx_word' id='word_1_147' title='bbox 1127 2387 1198 2454; x_wconf 88' lang='lat' dir='ltr'>col-</span> 
     </span>
     <span class='ocr_line' id='line_1_19' title="bbox 128 2483 1200 2584; baseline 0.006 -29"><span class='ocrx_word' id='word_1_148' title='bbox 128 2484 262 2581; x_wconf 87' lang='lat' dir='ltr'>ligenda</span> <span class='ocrx_word' id='word_1_149' title='bbox 279 2484 451 2579; x_wconf 86' lang='lat' dir='ltr'>producit,</span> <span class='ocrx_word' id='word_1_150' title='bbox 469 2483 598 2551; x_wconf 68' lang='lat' dir='ltr'>durn&#39;se</span> <span class='ocrx_word' id='word_1_151' title='bbox 617 2498 761 2552; x_wconf 85' lang='lat' dir='ltr'>ostentat</span> <span class='ocrx_word' id='word_1_152' title='bbox 780 2487 966 2574; x_wconf 87' lang='lat' dir='ltr'>sententiis,</span> <span class='ocrx_word' id='word_1_153' title='bbox 984 2486 1064 2558; x_wconf 90' lang='lat' dir='ltr'>locis</span> <span class='ocrx_word' id='word_1_154' title='bbox 1078 2491 1200 2584; x_wconf 88' lang='lat' dir='ltr'>jactat,</span> 
     </span>
     <span class='ocr_line' id='line_1_20' title="bbox 128 2589 1199 2690; baseline 0.004 -28"><span class='ocrx_word' id='word_1_155' title='bbox 128 2592 242 2662; x_wconf 87' lang='lat' dir='ltr'>fundit</span> <span class='ocrx_word' id='word_1_156' title='bbox 252 2589 450 2677; x_wconf 83' lang='lat' dir='ltr'>excessibus,</span> <span class='ocrx_word' id='word_1_157' title='bbox 461 2602 495 2657; x_wconf 93' lang='lat' dir='ltr'>et</span> <span class='ocrx_word' id='word_1_158' title='bbox 505 2614 545 2657; x_wconf 91' lang='lat' dir='ltr'>eo</span> <span class='ocrx_word' id='word_1_159' title='bbox 559 2589 698 2658; x_wconf 89' lang='lat' dir='ltr'>fortasse</span> <span class='ocrx_word' id='word_1_160' title='bbox 712 2589 750 2657; x_wconf 88' lang='lat' dir='ltr'>fit</span> <span class='ocrx_word' id='word_1_161' title='bbox 763 2592 974 2684; x_wconf 84' lang='lat' dir='ltr'>paucioribus</span> <span class='ocrx_word' id='word_1_162' title='bbox 989 2609 1099 2683; x_wconf 91' lang='lat' dir='ltr'>notus,</span> <span class='ocrx_word' id='word_1_163' title='bbox 1109 2599 1199 2690; x_wconf 93' lang='lat' dir='ltr'>quod</span> 
     </span>
     <span class='ocr_line' id='line_1_21' title="bbox 128 2695 1198 2796; baseline 0.003 -29"><span class='ocrx_word' id='word_1_164' title='bbox 128 2698 310 2793; x_wconf 86' lang='lat' dir='ltr'>legentium</span> <span class='ocrx_word' id='word_1_165' title='bbox 325 2695 472 2764; x_wconf 86' lang='lat' dir='ltr'>aviditati</span> <span class='ocrx_word' id='word_1_166' title='bbox 484 2719 581 2762; x_wconf 89' lang='lat' dir='ltr'>mora</span> <span class='ocrx_word' id='word_1_167' title='bbox 595 2697 665 2789; x_wconf 88' lang='lat' dir='ltr'>ipsa</span> <span class='ocrx_word' id='word_1_168' title='bbox 680 2695 810 2763; x_wconf 90' lang='lat' dir='ltr'>fastidio</span> <span class='ocrx_word' id='word_1_169' title='bbox 825 2712 884 2765; x_wconf 90' lang='lat' dir='ltr'>est.</span> <span class='ocrx_word' id='word_1_170' title='bbox 901 2699 1058 2767; x_wconf 90' lang='lat' dir='ltr'>Recidam</span> <span class='ocrx_word' id='word_1_171' title='bbox 1074 2704 1198 2796; x_wconf 86' lang='lat' dir='ltr'>itaque,</span> 
     </span>
     <span class='ocr_line' id='line_1_22' title="bbox 127 2799 1198 2895; baseline 0.001 -21"><span class='ocrx_word' id='word_1_172' title='bbox 127 2817 169 2874; x_wconf 90' lang='lat' dir='ltr'>ut</span> <span class='ocrx_word' id='word_1_173' title='bbox 187 2805 256 2890; x_wconf 88' lang='lat' dir='ltr'>vis,</span> <span class='ocrx_word' id='word_1_174' title='bbox 275 2802 345 2895; x_wconf 85' lang='lat' dir='ltr'>ejus</span> <span class='ocrx_word' id='word_1_175' title='bbox 367 2799 601 2886; x_wconf 84' lang='lat' dir='ltr'>redundantia,</span> <span class='ocrx_word' id='word_1_176' title='bbox 619 2814 653 2868; x_wconf 90' lang='lat' dir='ltr'>et</span> <span class='ocrx_word' id='word_1_177' title='bbox 670 2799 826 2893; x_wconf 88' lang='lat' dir='ltr'>pleraque</span> <span class='ocrx_word' id='word_1_178' title='bbox 847 2805 1089 2895; x_wconf 88' lang='lat' dir='ltr'>transgrediar,</span> <span class='ocrx_word' id='word_1_179' title='bbox 1109 2833 1198 2875; x_wconf 91' lang='lat' dir='ltr'>non-</span> 
     </span>
     <span class='ocr_line' id='line_1_23' title="bbox 127 2905 1197 3003; baseline 0.004 -26"><span class='ocrx_word' id='word_1_180' title='bbox 127 2907 222 2978; x_wconf 89' lang='lat' dir='ltr'>nulla</span> <span class='ocrx_word' id='word_1_181' title='bbox 237 2907 454 3003; x_wconf 86' lang='lat' dir='ltr'>praetermissa</span> <span class='ocrx_word' id='word_1_182' title='bbox 473 2920 686 2988; x_wconf 84' lang='lat' dir='ltr'>connectam3</span> <span class='ocrx_word' id='word_1_183' title='bbox 702 2905 759 2972; x_wconf 83' lang='lat' dir='ltr'>sed</span> <span class='ocrx_word' id='word_1_184' title='bbox 775 2907 840 2973; x_wconf 91' lang='lat' dir='ltr'>hoc</span> <span class='ocrx_word' id='word_1_185' title='bbox 855 2931 966 2974; x_wconf 90' lang='lat' dir='ltr'>meum</span> <span class='ocrx_word' id='word_1_186' title='bbox 980 2933 1042 2978; x_wconf 89' lang='lat' dir='ltr'>nec</span> <span class='ocrx_word' id='word_1_187' title='bbox 1057 2913 1125 2980; x_wconf 88' lang='lat' dir='ltr'>vim</span> <span class='ocrx_word' id='word_1_188' title='bbox 1140 2938 1197 2981; x_wconf 91' lang='lat' dir='ltr'>an-</span> 
     </span>
     <span class='ocr_line' id='line_1_24' title="bbox 127 3011 1198 3114; baseline 0.005 -30"><span class='ocrx_word' id='word_1_189' title='bbox 127 3017 299 3108; x_wconf 89' lang='lat' dir='ltr'>tiquorum</span> <span class='ocrx_word' id='word_1_190' title='bbox 317 3011 468 3098; x_wconf 86' lang='lat' dir='ltr'>habebit,</span> <span class='ocrx_word' id='word_1_191' title='bbox 485 3037 547 3081; x_wconf 90' lang='lat' dir='ltr'>nec</span> <span class='ocrx_word' id='word_1_192' title='bbox 565 3011 679 3080; x_wconf 88' lang='lat' dir='ltr'>fucum</span> <span class='ocrx_word' id='word_1_193' title='bbox 696 3035 870 3080; x_wconf 87' lang='lat' dir='ltr'>novorum.</span> <span class='ocrx_word' id='word_1_194' title='bbox 887 3015 932 3080; x_wconf 90' lang='lat' dir='ltr'>Et</span> <span class='ocrx_word' id='word_1_195' title='bbox 947 3038 1049 3107; x_wconf 90' lang='lat' dir='ltr'>quum</span> <span class='ocrx_word' id='word_1_196' title='bbox 1069 3019 1198 3114; x_wconf 87' lang='lat' dir='ltr'>integra</span> 
     </span>
     <span class='ocr_line' id='line_1_25' title="bbox 128 3117 1198 3219; baseline 0.004 -30"><span class='ocrx_word' id='word_1_197' title='bbox 128 3121 200 3190; x_wconf 89' lang='lat' dir='ltr'>fere</span> <span class='ocrx_word' id='word_1_198' title='bbox 215 3122 250 3188; x_wconf 92' lang='lat' dir='ltr'>in</span> <span class='ocrx_word' id='word_1_199' title='bbox 268 3117 399 3187; x_wconf 88' lang='lat' dir='ltr'>occulto</span> <span class='ocrx_word' id='word_1_200' title='bbox 418 3119 499 3205; x_wconf 90' lang='lat' dir='ltr'>sint,</span> <span class='ocrx_word' id='word_1_201' title='bbox 516 3132 636 3211; x_wconf 77' lang='lat' dir='ltr'>praeter</span> <span class='ocrx_word' id='word_1_202' title='bbox 653 3142 714 3185; x_wconf 89' lang='lat' dir='ltr'>nos</span> <span class='ocrx_word' id='word_1_203' title='bbox 731 3117 814 3186; x_wconf 93' lang='lat' dir='ltr'>duos</span> <span class='ocrx_word' id='word_1_204' title='bbox 836 3117 988 3211; x_wconf 87' lang='lat' dir='ltr'>profecto</span> <span class='ocrx_word' id='word_1_205' title='bbox 1006 3147 1105 3192; x_wconf 90' lang='lat' dir='ltr'>nemo</span> <span class='ocrx_word' id='word_1_206' title='bbox 1118 3128 1198 3219; x_wconf 90' lang='lat' dir='ltr'>Epi-</span> 
     </span>
     <span class='ocr_line' id='line_1_26' title="bbox 130 3225 1198 3319; baseline 0.004 -24"><span class='ocrx_word' id='word_1_207' title='bbox 130 3239 258 3295; x_wconf 89' lang='lat' dir='ltr'>tornata</span> <span class='ocrx_word' id='word_1_208' title='bbox 275 3237 462 3319; x_wconf 74' lang='lat' dir='ltr'>cognoscat</span> <span class='ocrx_word' id='word_1_209' title='bbox 479 3225 553 3291; x_wconf 90' lang='lat' dir='ltr'>Hoc</span> <span class='ocrx_word' id='word_1_210' title='bbox 574 3225 676 3292; x_wconf 91' lang='lat' dir='ltr'>tutius</span> <span class='ocrx_word' id='word_1_211' title='bbox 694 3225 814 3292; x_wconf 86' lang='lat' dir='ltr'>abutor</span> <span class='ocrx_word' id='word_1_212' title='bbox 836 3225 913 3292; x_wconf 86' lang='lat' dir='ltr'>otio.</span> <span class='ocrx_word' id='word_1_213' title='bbox 931 3229 1022 3295; x_wconf 86' lang='lat' dir='ltr'>Cave</span> <span class='ocrx_word' id='word_1_214' title='bbox 1036 3229 1091 3298; x_wconf 91' lang='lat' dir='ltr'>hic</span> <span class='ocrx_word' id='word_1_215' title='bbox 1109 3229 1198 3300; x_wconf 88' lang='lat' dir='ltr'>aliud</span> 
     </span>
     <span class='ocr_line' id='line_1_27' title="bbox 130 3327 1197 3428; baseline 0.005 -28"><span class='ocrx_word' id='word_1_216' title='bbox 130 3357 232 3428; x_wconf 87' lang='lat' dir='ltr'>quam</span> <span class='ocrx_word' id='word_1_217' title='bbox 250 3331 445 3398; x_wconf 83' lang='lat' dir='ltr'>brevitatem</span> <span class='ocrx_word' id='word_1_218' title='bbox 466 3330 742 3422; x_wconf 80' lang='lat' dir='ltr'>requiras,quam</span> <span class='ocrx_word' id='word_1_219' title='bbox 755 3327 858 3396; x_wconf 88' lang='lat' dir='ltr'>solam</span> <span class='ocrx_word' id='word_1_220' title='bbox 878 3335 1067 3424; x_wconf 89' lang='lat' dir='ltr'>poposcisti.</span> <span class='ocrx_word' id='word_1_221' title='bbox 1088 3337 1197 3427; x_wconf 89' lang='lat' dir='ltr'>Cura,</span> 
     </span>
     <span class='ocr_line' id='line_1_28' title="bbox 131 3432 544 3524; baseline -0.027 -17"><span class='ocrx_word' id='word_1_222' title='bbox 131 3441 176 3507; x_wconf 86' lang='lat' dir='ltr'>rui</span> <span class='ocrx_word' id='word_1_223' title='bbox 187 3439 322 3524; x_wconf 88' lang='lat' dir='ltr'>Victor,</span> <span class='ocrx_word' id='word_1_224' title='bbox 342 3449 380 3502; x_wconf 92' lang='lat' dir='ltr'>ut</span> <span class='ocrx_word' id='word_1_225' title='bbox 394 3432 510 3503; x_wconf 87' lang='lat' dir='ltr'>valeas.</span> <span class='ocrx_word' id='word_1_226' title='bbox 526 3463 544 3498; x_wconf 75' lang='lat' dir='ltr'>n</span> 
     </span>
    </p>
   </div>
   <div class='ocr_carea' id='block_1_6' title="bbox 133 3605 1197 4162">
    <p class='ocr_par' dir='ltr' id='par_1_6' title="bbox 133 3605 1197 4162">
     <span class='ocr_line' id='line_1_29' title="bbox 175 3605 1197 3687; baseline 0.005 -21"><span class='ocrx_word' id='word_1_227' title='bbox 175 3633 198 3666; x_wconf 89' lang='lat'>1.</span> <span class='ocrx_word' id='word_1_228' title='bbox 210 3611 372 3664; x_wconf 86' lang='lat' dir='ltr'>Erasmusin</span> <span class='ocrx_word' id='word_1_229' title='bbox 382 3610 572 3662; x_wconf 83' lang='lat' dir='ltr'>Ciceroniana:</span> <span class='ocrx_word' id='word_1_230' title='bbox 587 3608 617 3661; x_wconf 88' lang='lat' dir='ltr'><em>V</em></span> <span class='ocrx_word' id='word_1_231' title='bbox 613 3629 641 3660; x_wconf 87' lang='lat' dir='ltr'>a·</span> <span class='ocrx_word' id='word_1_232' title='bbox 686 3605 946 3662; x_wconf 71' lang='lat' dir='ltr'>cormeaelaboratr&#39;as.</span> <span class='ocrx_word' id='word_1_233' title='bbox 963 3613 1100 3668; x_wconf 88' lang='lat' dir='ltr'>Castrense</span> <span class='ocrx_word' id='word_1_234' title='bbox 1114 3636 1197 3687; x_wconf 88' lang='lat' dir='ltr'>genus</span> 
     </span>
     <span class='ocr_line' id='line_1_30' title="bbox 133 3687 1196 3752; baseline 0.006 -8"><span class='ocrx_word' id='word_1_235' title='bbox 133 3693 203 3744; x_wconf 75' lang='lat' dir='ltr'>letius</span> <span class='ocrx_word' id='word_1_236' title='bbox 217 3691 340 3744; x_wconf 68' lang='lat' dir='ltr'>Maximus</span> <span class='ocrx_word' id='word_1_237' title='bbox 360 3701 409 3740; x_wconf 84' lang='lat' dir='ltr'>tam</span> <span class='ocrx_word' id='word_1_238' title='bbox 423 3689 506 3740; x_wconf 70' lang='lat' dir='ltr'>simila</span> <span class='ocrx_word' id='word_1_239' title='bbox 524 3701 560 3739; x_wconf 86' lang='lat' dir='ltr'>est</span> <span class='ocrx_word' id='word_1_240' title='bbox 573 3687 642 3742; x_wconf 81' lang='lat' dir='ltr'>Cice·</span> <span class='ocrx_word' id='word_1_241' title='bbox 686 3687 793 3742; x_wconf 90' lang='lat' dir='ltr'>dicendi</span> <span class='ocrx_word' id='word_1_242' title='bbox 805 3690 833 3740; x_wconf 91' lang='lat' dir='ltr'>in</span> <span class='ocrx_word' id='word_1_243' title='bbox 845 3689 953 3752; x_wconf 85' lang='lat' dir='ltr'>Valerio</span> <span class='ocrx_word' id='word_1_244' title='bbox 964 3709 993 3744; x_wconf 87' lang='lat' dir='ltr'>ac</span> <span class='ocrx_word' id='word_1_245' title='bbox 1005 3693 1108 3748; x_wconf 83' lang='lat' dir='ltr'>Velleio</span> <span class='ocrx_word' id='word_1_246' title='bbox 1121 3710 1196 3752; x_wconf 88' lang='lat' dir='ltr'>notat</span> 
     </span>
     <span class='ocr_line' id='line_1_31' title="bbox 134 3767 1197 3843; baseline 0.005 -20"><span class='ocrx_word' id='word_1_247' title='bbox 134 3773 186 3824; x_wconf 76' lang='lat' dir='ltr'>mni</span> <span class='ocrx_word' id='word_1_248' title='bbox 192 3809 199 3831; x_wconf 84' lang='lat'>‚</span> <span class='ocrx_word' id='word_1_249' title='bbox 210 3789 281 3843; x_wconf 81' lang='lat' dir='ltr'>quam</span> <span class='ocrx_word' id='word_1_250' title='bbox 293 3769 369 3820; x_wconf 82' lang='lat' dir='ltr'>mulus</span> <span class='ocrx_word' id='word_1_251' title='bbox 379 3770 480 3829; x_wconf 77' lang='lat' dir='ltr'>bomini,</span> <span class='ocrx_word' id='word_1_252' title='bbox 491 3767 550 3818; x_wconf 82' lang='lat' dir='ltr'>adeo</span> <span class='ocrx_word' id='word_1_253' title='bbox 561 3780 588 3818; x_wconf 86' lang='lat' dir='ltr'>ut</span> <span class='ocrx_word' id='word_1_254' title='bbox 599 3771 644 3818; x_wconf 76' lang='lat' dir='ltr'>uic</span> <span class='ocrx_word' id='word_1_255' title='bbox 686 3767 784 3820; x_wconf 90' lang='lat' dir='ltr'>Christ.</span> <span class='ocrx_word' id='word_1_256' title='bbox 790 3769 918 3821; x_wconf 87' lang='lat' dir='ltr'>Daumius</span> <span class='ocrx_word' id='word_1_257' title='bbox 924 3769 1002 3822; x_wconf 87' lang='lat' dir='ltr'>inlib.</span> <span class='ocrx_word' id='word_1_258' title='bbox 1009 3771 1038 3823; x_wconf 83' lang='lat' dir='ltr'>de</span> <span class='ocrx_word' id='word_1_259' title='bbox 1044 3778 1121 3826; x_wconf 84' lang='lat' dir='ltr'>causis</span> <span class='ocrx_word' id='word_1_260' title='bbox 1127 3781 1197 3828; x_wconf 84' lang='lat' dir='ltr'>amis·</span> 
     </span>
     <span class='ocr_line' id='line_1_32' title="bbox 134 3848 1178 3924; baseline 0.008 -24"><span class='ocrx_word' id='word_1_261' title='bbox 134 3849 215 3901; x_wconf 79' lang='lat' dir='ltr'>credes</span> <span class='ocrx_word' id='word_1_262' title='bbox 230 3850 273 3900; x_wconf 73' lang='lat' dir='ltr'>arel</span> <span class='ocrx_word' id='word_1_263' title='bbox 289 3849 378 3900; x_wconf 85' lang='lat' dir='ltr'>Italum</span> <span class='ocrx_word' id='word_1_264' title='bbox 390 3849 468 3915; x_wconf 79' lang='lat' dir='ltr'>fin&#39;ssc</span> <span class='ocrx_word' id='word_1_265' title='bbox 480 3849 522 3918; x_wconf 83' lang='lat' dir='ltr'>qai</span> <span class='ocrx_word' id='word_1_266' title='bbox 534 3850 640 3917; x_wconf 79' lang='lat' dir='ltr'>scripsit,</span> <span class='ocrx_word' id='word_1_267' title='bbox 686 3848 956 3916; x_wconf 78' lang='lat' dir='ltr'>saramlatinaelinguoe</span> <span class='ocrx_word' id='word_1_268' title='bbox 967 3851 1122 3924; x_wconf 81' lang='lat' dir='ltr'>radicum‚p.</span> <span class='ocrx_word' id='word_1_269' title='bbox 1133 3857 1178 3923; x_wconf 84' lang='lat'>39.</span> 
     </span>
     <span class='ocr_line' id='line_1_33' title="bbox 135 3926 1194 3999; baseline 0.008 -21"><span class='ocrx_word' id='word_1_270' title='bbox 135 3927 643 3999; x_wconf 75' lang='lat' dir='ltr'>aellocoetatis,quodproesefirrt‚vicisse;</span> <span class='ocrx_word' id='word_1_271' title='bbox 730 3947 754 3979; x_wconf 76' lang='lat' dir='ltr'>a.</span> <span class='ocrx_word' id='word_1_272' title='bbox 778 3926 857 3979; x_wconf 88' lang='lat' dir='ltr'>Hunc</span> <span class='ocrx_word' id='word_1_273' title='bbox 882 3927 960 3980; x_wconf 88' lang='lat' dir='ltr'>addes</span> <span class='ocrx_word' id='word_1_274' title='bbox 984 3930 1040 3983; x_wconf 91' lang='lat' dir='ltr'>aliis</span> <span class='ocrx_word' id='word_1_275' title='bbox 1063 3933 1194 3986; x_wconf 87' lang='lat' dir='ltr'>Jauuariis</span> 
     </span>
     <span class='ocr_line' id='line_1_34' title="bbox 137 4005 1194 4078; baseline 0.006 -22"><span class='ocrx_word' id='word_1_276' title='bbox 137 4019 183 4058; x_wconf 80' lang='lat' dir='ltr'>tam</span> <span class='ocrx_word' id='word_1_277' title='bbox 191 4007 306 4059; x_wconf 80' lang='lat' dir='ltr'>diversum</span> <span class='ocrx_word' id='word_1_278' title='bbox 316 4019 352 4057; x_wconf 86' lang='lat' dir='ltr'>est</span> <span class='ocrx_word' id='word_1_279' title='bbox 358 4019 433 4057; x_wconf 82' lang='lat' dir='ltr'>totum</span> <span class='ocrx_word' id='word_1_280' title='bbox 441 4007 550 4058; x_wconf 80' lang='lat' dir='ltr'>dictionis</span> <span class='ocrx_word' id='word_1_281' title='bbox 559 4023 643 4074; x_wconf 77' lang='lat' dir='ltr'>genus.</span> <span class='ocrx_word' id='word_1_282' title='bbox 687 4005 802 4057; x_wconf 87' lang='lat' dir='ltr'>collectis</span> <span class='ocrx_word' id='word_1_283' title='bbox 812 4025 827 4058; x_wconf 90' lang='lat' dir='ltr'>a</span> <span class='ocrx_word' id='word_1_284' title='bbox 839 4005 913 4058; x_wconf 88' lang='lat' dir='ltr'>Gisb.</span> <span class='ocrx_word' id='word_1_285' title='bbox 926 4007 1033 4078; x_wconf 89' lang='lat' dir='ltr'>Cupero</span> <span class='ocrx_word' id='word_1_286' title='bbox 1047 4010 1075 4062; x_wconf 92' lang='lat' dir='ltr'>in</span> <span class='ocrx_word' id='word_1_287' title='bbox 1088 4013 1194 4064; x_wconf 74' lang='grc' dir='ltr'>ἀποθεώ-</span> 
     </span>
     <span class='ocr_line' id='line_1_35' title="bbox 137 4085 1015 4162; baseline 0.001 -24"><span class='ocrx_word' id='word_1_288' title='bbox 137 4087 223 4153; x_wconf 81' lang='lat' dir='ltr'>Asram</span> <span class='ocrx_word' id='word_1_289' title='bbox 231 4091 363 4162; x_wconf 80' lang='lat' dir='ltr'>quempiam</span> <span class='ocrx_word' id='word_1_290' title='bbox 372 4107 421 4137; x_wconf 83' lang='lat' dir='ltr'>esse</span> <span class='ocrx_word' id='word_1_291' title='bbox 430 4086 507 4146; x_wconf 83' lang='lat' dir='ltr'>dicas,</span> <span class='ocrx_word' id='word_1_292' title='bbox 518 4085 644 4136; x_wconf 73' lang='lat' dir='ltr'>accidiam</span> <span class='ocrx_word' id='word_1_293' title='bbox 688 4105 724 4136; x_wconf 82' lang='grc' dir='ltr'>σει</span> <span class='ocrx_word' id='word_1_294' title='bbox 737 4085 861 4150; x_wconf 80' lang='lat' dir='ltr'>Homeri3</span> <span class='ocrx_word' id='word_1_295' title='bbox 873 4104 933 4155; x_wconf 86' lang='lat' dir='ltr'>pag.</span> <span class='ocrx_word' id='word_1_296' title='bbox 951 4105 1015 4156; x_wconf 73' lang='lat'>²71,</span> 
     </span>
    </p>
   </div>
   <div class='ocr_carea' id='block_1_7' title="bbox 982 4199 1006 4262">
    <p class='ocr_par' dir='ltr' id='par_1_7' title="bbox 982 4199 1006 4262">
     <span class='ocr_line' id='line_1_36' title="bbox 982 4199 1006 4262; baseline 0 0"><span class='ocrx_word' id='word_1_297' title='bbox 982 4199 1006 4262; x_wconf 90' lang='lat' dir='ltr'>B</span> 
     </span>
    </p>
   </div>
   <div class='ocr_carea' id='block_1_8' title="bbox 0 0 1454 4994">
    <p class='ocr_par' dir='ltr' id='par_1_8' title="bbox 0 0 1454 4994">
     <span class='ocr_line' id='line_1_37' title="bbox 0 0 1454 4994; baseline 0 0"><span class='ocrx_word' id='word_1_298' title='bbox 0 0 1454 4994; x_wconf 95' lang='lat' dir='ltr'> </span> 
     </span>
    </p>
   </div>
  </div>
 </body>
</html>
