2864 4994
429 421 432 426 ¹
509 379 810 504 'anrnttu
1172 442 1196 515 3

128 567 218 640 salus
239 567 374 662 patric,
394 567 541 653 Cmsnn,
565 568 685 636 invoco
705 592 712 635 :
734 566 829 659 cujus
849 564 968 636 caelesti
995 570 1203 663 providentia

127 678 271 744 virtutes
282 673 304 762 ¹,
320 674 362 743 de
380 671 499 768 quibus
514 672 662 742 dicturus
681 695 771 760 sum,
786 673 1019 768 benignissime
1033 676 1205 770 mventur3

127 784 209 852 vitia
235 781 439 852 senetimitne
458 779 679 849 vindicantur.
706 783 794 850 Nam
819 782 845 848 si
866 782 966 874 prisci
989 783 1137 854 oratores
1151 787 1205 855 *ab

127 892 213 958 Jove
238 888 376 982 Optimo
398 883 547 955 Maximo
573 887 658 955 bene
680 889 747 955 orsi
771 900 870 973 sunt,
897 889 922 955 si
943 888 1204 961 excellentissimi

129 1009 222 1064 vates
241 1019 261 1062 a
275 995 410 1062 numine
425 992 536 1087 aliquo
549 995 713 1087 principia
732 1006 905 1062 traxemnt
920 1019 928 1060 ι
946 994 1039 1064 mea²
1060 1002 1205 1091 parvitas

127 1093 169 1170 ‘eo
184 1102 307 1194 justius
327 1099 370 1168 od
390 1100 541 1168 favorem
560 1113 656 1167 tuum
670 1099 874 1184 decurrerit,
896 1125 962 1193 quo
983 1117 1101 1171 caetera
1122 1105 1205 1175 divi·

129 1193 233 1278 nitas'³
253 1207 410 1301 opinione
432 1204 615 1300 colligitur,
635 1220 693 1274 tua
714 1208 869 1301 praesenti
889 1205 953 1274 lide
973 1222 1114 1304 paterno
1136 1215 1205 1281 avi·

128 1417 190 1452 rum
197 1397 316 1468 regimen
324 1381 543 1466 pen'esRomanos
550 1395 644 1450 luisse:
689 1396 753 1448 bara
771 1395 864 1450 haberi
883 1416 961 1470 posse
976 1411 1074 1470 negat,
1090 1419 1153 1454 cum
1167 1405 1203 1459 ob

129 1477 416 1549 sedmagnampartem
424 1475 542 1528 Orientis
550 1475 646 1546 etSep-
690 1477 875 1530 auctoritatem
895 1478 1056 1545 Ciceronis,
1076 1481 1122 1552 qni
1139 1501 1205 1537 voce

129 1557 430 1628 temtrionisnnnqunm
446 1557 479 1608 ab
493 1555 544 1608 illis
560 1567 646 1608 tenta·
685 1559 796 1626 parcitus
824 1575 885 1610 usus
903 1557 955 1622 eit,
976 1570 1035 1612 tum
1059 1561 1121 1631 quia
1140 1563 1204 1616 Vel·

113 1653 183 1692 ·tam
199 1637 281 1691 fuisse
296 1648 407 1690 constat.
423 1636 486 1688 Haee
505 1633 539 1687 ad
558 1647 644 1688 terrum
689 1634 755 1688 leius
770 1636 873 1690 Patere.
889 1637 935 1690 lib.
953 1638 1001 1703 11,
1015 1658 1038 1695 o.
1061 1648 1091 1703 a,
1110 1640 1204 1698 itidem

129 1730 266 1790 spectant:
282 1736 377 1770 verum
392 1714 426 1768 de
438 1714 518 1768 maris
532 1716 645 1787 imperio
689 1715 850 1769 extenuandi
878 1718 920 1770 sui
943 1735 1023 1776 coust
1048 1721 1203 1792 scripserit:

130 1795 202 1870 quod
228 1797 344 1850 tenuisse
370 1796 482 1848 Romani
498 1794 645 1862 dicuntur,
689 1796 786 1848 Habuit
803 1797 1062 1868 indoctquoqueiello
1078 1801 1203 1856 rnediocri-

130 1881 166 1932 ita
180 1877 326 1948 Dionysius
338 1876 550 1930 Halicarnasseus
561 1875 644 1933 dixit:
690 1889 727 1928 tas
741 1889 823 1928 nostra
838 1881 938 1946 speciosi
955 1881 1059 1940 »sinim
1071 1881 1165 1942 locutor
1177 1893 1206 1936 et

133 1985 145 2006 ι
154 1955 280 2010 Universi
290 1957 370 2008 maris
378 1954 487 2008 dominc
499 1969 537 2008 est
547 1959 643 2023 Roma,
689 1957 735 2010 lib.
747 1957 787 2023 11,
796 1975 820 2008 c.
832 1963 899 2022 rod:
910 1957 1121 2028 Spinonem
1131 1973 1203 2031 captu

130 2057 185 2092 non
194 2038 283 2090 solum
296 2037 368 2089 illius
378 2035 450 2108 quod
462 2037 531 2090 intra
543 2036 645 2090 Hercu·
689 2037 859 2088 mediocritatis
875 2057 934 2090 mere
948 2038 1046 2108 aduru-
1053 2041 1204 2106 fuiTuen·

129 2117 162 2172 lis
177 2119 314 2172 columnas
330 2115 645 2188 habetur,sedetipsius
689 2128 734 2168 tnr
755 2117 895 2170 lectionem
916 2118 1051 2188 vulgarem
1078 2120 1203 2190 Plghiue,

130 2197 245 2261 Oceani,
259 2197 307 2268 qui
320 2209 360 2250 est
379 2197 541 2268 navigabilis.
561 2223 572 2243 ι
592 2199 643 2261 At,
689 2197 817 2256 (inlesus,
829 2195 948 2261 Gudius,
959 2197 1204 2262 Perizonius,Tor·

129 2291 253 2350 potestne
272 2277 358 2329 ullum
381 2275 434 2330 dici
457 2277 535 2330 maris
556 2275 644 2330 domi·
688 2278 975 2340 cenius,etn0vissirne
983 2278 1113 2349 Ksppius.
1121 2278 1203 2345 Quod

130 2357 227 2410 nium?
241 2359 391 2410 Commune
404 2358 525 2408 omnium
538 2357 645 2428 pelagus
689 2357 711 2408 si
740 2369 875 2408 tantorum
904 2357 1025 2408 virorum
1059 2357 1202 2428 diligentia

129 2437 276 2509 potentiori
306 2436 412 2489 alternis
439 2437 541 2489 vicibus
563 2436 643 2489 cedit.
688 2434 786 2489 addere
803 2455 879 2490 novae
900 2435 1047 2507 quidquam
1066 2443 1202 2508 conjectu·

131 2515 203 2569 Vide
215 2514 287 2569 Seld.
299 2529 326 2569 et
337 2517 413 2569 Grot.
424 2515 458 2568 de
470 2516 644 2582 marilibero;
688 2535 724 2568 τω
740 2517 779 2568 fas
794 2517 840 2582 sit,
854 2515 925 2568 haud
941 2515 1062 2569 dubitem
1078 2537 1201 2588 pronun·

130 2615 225 2650 revoca
246 2596 326 2648 etiam
349 2596 377 2647 in
398 2609 515 2648 mentem
539 2597 645 2649 notissi·
687 2597 771 2660 tiare,
787 2596 926 2648 Valerium
938 2597 982 2648 vix
998 2609 1087 2649 notam
1101 2598 1202 2670 impuri

130 2696 205 2730 mum
212 2674 279 2728 illud
288 2675 492 2746 carmen‚qu0‹l
502 2677 584 2728 atatis
592 2696 646 2730 suu
689 2676 816 2728 sermonis
829 2677 954 2746 effugere.
971 2674 1052 2740 Quod
1069 2675 1102 2728 ad
1115 2677 1201 2746 ipsam

130 2754 224 2820 decus,
237 2756 259 2806 lc
273 2775 329 2806 vers
343 2755 376 2806 du
389 2756 473 2817 siicle,
491 2773 551 2807 cum
562 2757 644 2826 jacta-
687 2773 781 2808 vocem
793 2760 901 2825 parvitas
920 2755 1024 2816 attinet,
1036 2755 1073 2806 M.
1095 2757 1200 2810 Tullius

131 2836 207 2890 tione
217 2853 273 2888 non
284 2835 373 2888 minus
384 2833 497 2890 candida
509 2848 536 2886 et
546 2835 646 2906 simpli·
687 2853 719 2887 ea
730 2836 829 2899 utitur,
842 2832 886 2885 sed
902 2834 954 2884 alio
965 2835 1044 2902 plane
1061 2853 1153 2898 sensu,
1170 2837 1199 2888 in

130 2916 157 2972 ci
167 2934 248 2988 quam
257 2913 368 2967 ridicula
378 2915 475 2986 passim
485 2913 645 2986 predicabat
688 2913 878 2984 significatione
892 2912 1060 2982 quantitatis,
1072 2931 1126 2965 non
1139 2915 1199 2968 vili·

131 3009 211 3066 poeta
226 2993 344 3047 Gallicus
359 2985 515 3060 (Lemicrre)
532 3012 549 3046 ε.
688 2993 748 3044 tatis
764 3012 810 3045 seu
822 2992 990 3056 humilitatis;
1004 2989 1101 3045 deinde
1113 2995 1200 3048 medio·

131 3074 245 3114 Inuident
253 3073 277 3110 de
286 3071 377 3124 neptune
386 3071 524 3124 estlesreptre
532 3071 558 3109 du
567 3071 644 3108 monde.
681 3075 781 3124 ,epitasis
795 3091 863 3134 γοχ,
886 3089 938 3142 qua
951 3070 1084 3122 Velleium
1100 3075 1140 3126 uti
1158 3075 1199 3127 vi,

176 3173 201 3208 1.
224 3153 301 3222 Cujru
315 3191 371 3207 ......
383 3157 493 3206 virtutes.
510 3152 589 3205 Conl.
606 3163 644 3203 ta-
687 3151 795 3214 demus,
811 3170 886 3203 aures
902 3151 990 3203 minus
1006 3151 1126 3205 offendit.
1145 3154 1200 3209 Ne·

132 3253 196 3288 men
207 3232 307 3286 Seneca
321 3232 351 3282 dc
364 3227 450 3299 Benef.
467 3233 522 3296 111,
539 3238 581 3284 26.
688 3251 739 3302 que
753 3244 839 3284 tamen
855 3229 954 3282 idcirco
971 3243 1063 3283 contra
1078 3234 1199 3286 omnium

174 3333 202 3366 a.
222 3312 282 3364 Mea
294 3315 409 3382 parvitas.
430 3310 462 3365 Id
478 3324 534 3376 est,
553 3301 645 3380 egomet
686 3313 816 3364 librorum
826 3323 946 3362 veterum
957 3308 1038 3362 fidem
1052 3311 1200 3384 quidquam

131 3397 185 3467 qui,
196 3395 318 3444 tenuitatis
328 3411 385 3442 mcae
396 3393 582 3452 millimodas,
592 3410 644 3440 cum
688 3389 845 3442 mutandum
862 3392 1008 3442 censuerim
1018 3410 1027 3455 ;
1043 3390 1112 3444 ludit
1126 3394 1199 3446 enim

129 3477 217 3543 priscis
243 3471 377 3522 oratoribus
399 3483 423 3522 et
445 3471 645 3522 excellentissimis
688 3470 885 3541 Nostersaepius
893 3469 922 3520 in
930 3471 1129 3532 murmurose
1140 3491 1199 3525 mo·

130 3551 229 3604 caribm
240 3571 276 3602 me
287 3570 423 3620 componere
431 3570 480 3602 non
489 3549 573 3604 aiuim.
583 3550 646 3620 Lip·
666 3596 669 3608 ,
687 3548 800 3602 dificatis
815 3547 957 3602 vocabulis,

133 3633 201 3698 sius,
211 3651 246 3683 ne
259 3631 371 3683 barbare
384 3649 446 3684 cum
459 3629 578 3682 barbaris
591 3629 645 3680 bal·
729 3631 755 3682 3.
778 3628 872 3680 Caetera
892 3628 1013 3679 divinitas.
1032 3629 1140 3694 Ceteri,
1156 3631 1199 3682 in·

132 3712 222 3764 butire
243 3708 366 3763 videatur
379 3711 489 3772 Noster,
502 3714 645 3778 parvitatem
687 3711 758 3780 quit,
768 3709 813 3760 Dii
823 3721 924 3760 tantum
937 3707 1063 3778 opinione
1071 3709 1200 3780 colligun-

132 3810 190 3844 eam
207 3809 222 3842 e
237 3803 311 3843 textu
327 3788 515 3842 eliminandum
537 3802 576 3853 et,
600 3808 645 3839 ex·
688 3800 747 3852 tur,
763 3787 792 3839 id
808 3800 856 3851 est,
876 3785 1060 3839 tantummodo
1077 3789 1199 3844 homines

131 3871 239 3942 punctis
259 3868 362 3922 duabus
384 3869 508 3932 vocibus,
528 3869 645 3920 scriben-
688 3869 832 3938 opinantur
851 3881 957 3919 ceteros
975 3886 1029 3919 esse
1050 3870 1134 3934 Deos,
1153 3870 1200 3940 qui
1223 3895 1226 3904 ’

133 3949 199 4003 dum
210 3949 488 4020 conjicitzegojustius
499 3949 645 4014 adjutorem
688 3966 733 3999 eos
755 3966 892 4017 nunquam
917 3946 1032 3998 viderint
1056 3965 1064 3998 τ
1086 3949 1200 4001 Caesares

134 4043 198 4082 nuuc
231 4030 363 4082 decurrere.
397 4029 495 4082 Contra
525 4029 644 4098 Lipsium
689 4039 776 4078 autern
788 4025 887 4079 vident.
899 4027 968 4096 Ergo
979 4040 1132 4078 caeterorum
1143 4028 1201 4098 qui·

133 4110 257 4164 vorstius
272 4109 431 4164 vocabulum
443 4106 512 4160 illud
521 4127 571 4178 pro
584 4108 645 4159 bar·
689 4103 751 4159 dem
760 4109 877 4160 Deorum
889 4105 955 4158 fides
964 4120 1016 4170 est,
1028 4105 1074 4160 sed
1083 4107 1184 4161 incerta
1194 4125 1203 4174 3

993 4202 1003 4228 2

964 4226 979 4271 1
