2864 4994
257 465 351 511 xvnr
505 437 734 510 NOTIT-IA
758 435 1097 508 'LITTERARIA

312 573 377 642 Sed
399 587 510 641 tamen
530 573 699 664 epitomen
720 582 850 636 tantum
872 567 997 638 Valerii
1019 593 1189 665 superesse
1210 575 1329 662 uoltis,

259 705 327 748 non
339 679 422 748 adeo
440 691 569 747 certum
587 700 677 764 esse,
694 673 747 742 vel
758 699 798 743 ex
807 673 913 744 Plinio
927 677 1071 770 Majore,
1090 678 1145 772 qui
1161 677 1235 773 plus
1249 683 1326 749 sim-

258 784 337 881 plici
354 786 427 854 vice
441 784 551 852 verbis
563 783 633 876 ejus
648 782 768 869 utitur,
787 779 896 875 colligi
911 784 1024 876 possit.
1036 786 1110 852 Imo
1125 787 1326 856 contrarium

258 890 399 960 dilucide
418 889 552 958 ePlinio
570 911 731 983 apparere
750 885 1084 978 aistoflarduinus,
1103 890 1197 983 cujus
1213 905 1327 962 tamen

255 996 380 1090 judicio
403 1020 471 1064 non
492 993 594 1090 ipsius
612 992 753 1082 Valerii,
774 993 832 1062 sed
853 994 1079 1088 epitomatoris
1099 1011 1195 1085 sunt,
1216 1016 1327 1092 quaea

258 1104 461 1196 Cuspiniano
476 1103 620 1195 primum
639 1092 723 1193 (quo
738 1101 871 1168 nominc
881 1101 951 1194 ipsi
969 1099 1073 1171 Aldus
1093 1095 1296 1196 gratulatur)
1307 1127 1329 1171 e

257 1207 577 1278 orsvmdobonensi
593 1206 800 1293 restituta,·et
813 1232 833 1274 2
844 1209 926 1275 'Mss
939 1207 1066 1301 Regiis,
1081 1210 1244 1302 tertioque
1258 1212 1326 1279 Re·

256 1317 361 1383 mensi
376 1317 408 1383 S.
420 1313 570 1408 Dyonisii
586 1313 832 1382 Canonicorum
847 1312 1067 1407 regularium,
1082 1327 1116 1382 et
1129 1316 1164 1382 in
1171 1318 1241 1384 Pet.
1256 1319 1326 1385 Da·

257 1419 349 1488 nielis
369 1419 493 1490 Codice
515 1417 649 1512 aliisque
671 1417 868 1512 quibusdam
887 1417 978 1486 haud
998 1419 1115 1507 obvia,
1133 1419 1288 1514 leguntur
1306 1445 1328 1490 a

255 1551 346 1593 num.
362 1522 383 1595 5
401 1540 525 1594 extem.
541 1550 569 1593 c.
590 1547 621 1610 1,
637 1522 692 1591 lib.
704 1526 740 1611 ·I,
757 1523 799 1591 ad
815 1547 844 1592 c.
863 1519 884 1593 5
902 1523 1050 1616 ejusdem
1061 1524 1117 1594 lib.
1130 1529 1163 1608 1,
1175 1527 1265 1619 quod
1282 1526 1326 1598 de

257 1632 422 1700 ominibus
436 1645 499 1716 est,
515 1629 828 1726 praefationibusque
842 1643 875 1697 et
887 1631 1071 1724 egressibus
1080 1630 1214 1701 Valerio
1230 1634 1326 1702 usita-
1430 1699 1431 1734 ,

256 1739 298 1805 tis
317 1751 394 1805 sunt
412 1736 578 1805 destituta.
600 1732 815 1803 Glossematis
833 1733 984 1804 laborare
1003 1736 1065 1804 hos
1079 1734 1181 1806 libros
1198 1740 1325 1808 notavit

255 1845 323 1911 Jac.
343 1843 541 1936 Selregkius,
559 1841 652 1934 epist.
671 1843 695 1925 lp
711 1842 881 1909 Praemess.
897 1838 976 1920 Non
994 1865 1065 1911 esse
1086 1867 1187 1937 porro
1206 1859 1324 1913 aucto·

255 1967 325 2016 rem
345 1947 517 2018 Valerium
537 1947 719 2014 Maximum
740 1947 992 2040 inscriptionum
1012 1948 1174 2042 cujusque
1192 1950 1325 2043 capitis,
1430 1945 1431 1950 ἵ

256 2054 309 2122 vel
325 2053 406 2123 illud
418 2068 614 2148 argumento
630 2066 724 2121 notat
736 2076 806 2122 esse
818 2055 845 2120 F
845 2057 1119 2141 rachavassor,
1133 2054 1217 2124 libro
1227 2055 1273 2124 de
1280 2058 1324 2125 Vi

255 2175 290 2228 et
303 2185 366 2230 usu
385 2160 564 2228 verborum
578 2158 797 2253 quorumdam
812 2156 1008 2248 latinorum,
1026 2160 1116 2254 quod
1127 2159 1182 2228 lilr.
1192 2163 1236 2248 V,
1250 2186 1323 2256 cap.
1430 2145 1431 2200 l

258 2292 293 2352 2,
306 2267 347 2334 de
362 2265 563 2362 gratitudine
575 2265 777 2351 inscribitur,
787 2279 820 2333 et
834 2289 862 2332 c.
878 2263 913 2353 3,
927 2266 969 2336 de
983 2265 1232 2360 ingratitudine,
1242 2291 1323 2360 quas
1430 2339 1431 2352 ,

254 2397 354 2442 voces
375 2397 482 2466 neque
504 2395 644 2466 usquam
661 2371 718 2440 illo
738 2396 838 2440 sensu
855 2371 946 2465 apud
967 2373 1110 2466 probum
1128 2374 1323 2467 scriptorem
1430 2355 1431 2380 l

255 2481 398 2573 reperias
413 2472 520 2572 (apud
529 2478 683 2573 Apicium
698 2478 789 2548 enim
797 2477 976 2570 gratitudo
986 2477 1136 2547 ciborum
1149 2492 1325 2572 notatgra·
1430 2473 1431 2504 ³

254 2599 325 2652 tum
345 2600 379 2653 et
389 2583 576 2678 jucundum
590 2582 722 2655 illorum
737 2575 928 2677 saporem),
943 2608 1004 2652 nec
1018 2585 1089 2678 ipse
1097 2583 1248 2655 Valerius
1260 2583 1323 2656 illis

254 2691 416 2784 capitibus
435 2692 623 2784 usurpavit,
641 2715 747 2784 quunr
766 2690 895 2758 occasio
917 2689 1120 2784 usurpandi,
1135 2691 1202 2760 imo
1218 2713 1323 2784 prope

253 2798 430 2866 necessitas
451 2821 520 2864 non
542 2796 677 2866 deesset.
700 2795 795 2866 Idem
814 2810 926 2866 tamen
940 2798 1108 2866 Vavassor
1129 2809 1269 2866 testatur
1285 2821 1323 2866 se
1430 2795 1431 2814 ³

253 2903 407 2972 habuisse
422 2904 697 2998 scriptummanu
706 2901 893 2990 Valerium,
906 2902 941 2970 in
955 2927 1022 2995 quo
1037 2927 1105 2971 non
1115 2902 1184 2995 jam
1198 2901 1239 2970 de
1252 2926 1324 2994 gra·

253 3009 394 3077 titudine
411 3024 444 3077 ot
466 3010 721 3102 ingratitudine,
742 3007 798 3078 sed
818 3007 858 3076 de
878 3009 982 3101 gratis
1003 3021 1038 3076 et
1057 3009 1193 3102 ingratis
1214 3009 1323 3101 capita
1430 3049 1431 3072 .

252 3115 410 3207 inscripta
431 3128 548 3182 essent.
567 3116 745 3208 Epitomen
767 3111 928 3181 librorum
947 3134 1068 3195 novem
1079 3112 1205 3184 Valerii
1225 3138 1321 3182 com·
1430 3195 1431 3206 ,

253 3221 364 3315 posuit
381 3219 481 3287 etiam
500 3223 555 3287 Jo.
574 3223 751 3288 Honorius
771 3217 956 3306 Bohemus‚
978 3219 1034 3312 qui
1051 3219 1174 3313 Lipsiae
1190 3243 1253 3288 sec.
1273 3243 1322 3288 xv
1430 3281 1431 3308 ,

254 3326 320 3393 fine
335 3325 471 3412 claruit,
490 3350 563 3418 quae
581 3326 670 3419 Lips.
690 3320 849 3411 '1503‚4
868 3323 999 3418 prodiit.
1014 3326 1100 3395 Vide
1117 3329 1167 3393 Jo.
1187 3324 1320 3394 Haller-
1430 3327 1431 3380 l

252 3431 342 3500 vodii
357 3431 561 3526 spicilegium
577 3429 618 3499 de
632 3431 716 3498 Hist.
731 3428 785 3498 lat.
800 3454 876 3526 pag.
900 3455 981 3500 110.
1430 3425 1431 3430 ἵ

300 3651 356 3717 De
383 3649 567 3716 nominum
592 3649 843 3715 Romanorum
863 3650 1002 3716 ratione
1008 3647 1269 3739 fragmentum.

305 3856 352 3922 In
365 3852 478 3946 paucis
496 3849 786 3944 quibusdamMss.
806 3849 941 3943 Pighius
959 3863 1099 3918 testatur
1110 3873 1172 3944 pro
1187 3851 1319 3921 dectim

253 3959 339 4032 libro
354 3982 528 4029 occurrere
547 3957 768 4050 fragmentum
783 3956 942 4048 epitomes
956 3955 999 4025 de
1012 3961 1183 4026 nominum
1197 3959 1320 4026 Roma·

253 4091 372 4138 norunt
389 4070 537 4149 ratione,
550 4088 649 4157 quam
667 4088 706 4132 ex
716 4061 851 4131 Valerio
865 4051 970 4149 (forte
989 4087 1056 4132 non
1071 4066 1245 4148 Maximo,
1259 4064 1318 4134 sed
