2864 4994
124 874 649 1101 ''VALERII
709 955 1135 1092 maximi

328 1287 636 1392 rucuuro
676 1293 1006 1428 Auernus.

486 1584 857 1621 ψ

142 1791 379 1906 Venerius
401 1831 622 1917 Mimans,
639 1828 718 1902 civis
737 1849 912 1913 romanus,
931 1828 1070 1924 patricio
1089 1854 1211 1925 genere

139 1955 256 2029 natus,
269 1963 403 2010 omnem
421 1933 597 2032 pueritiam
611 1949 646 2005 et
659 1957 815 2029 magnam
833 1929 1061 2006 adolescentiae
1080 1950 1211 2030 partem

138 2046 258 2117 litteris
275 2043 514 2140 percipiendis,
531 2056 566 2111 et
582 2039 730 2111 honestis
748 2037 874 2110 artibus
894 2037 996 2110 dedit.
1011 2042 1110 2132 Inde,
1127 2067 1212 2112 sum-

140 2169 199 2248 pta
218 2149 307 2221 virili
319 2166 412 2247 toga,
427 2175 461 2220 se
474 2146 615 2220 contulit
626 2147 670 2216 ad
684 2149 733 2215 rei
745 2145 895 2217 militaris
908 2145 1134 2241 disciplinam;
1154 2148 1211 2217 ubi

141 2257 333 2354 aliquandiu
348 2256 512 2354 stipendia
528 2254 658 2341 fecisse,
676 2255 758 2322 etin
776 2253 887 2324 Asiam
903 2275 980 2324 curn
997 2256 1097 2324 Sexto
1113 2256 1209 2324 Pom-

141 2367 216 2460 peio
239 2366 410 2460 navigasse
433 2363 562 2432 dicitur.
585 2360 685 2430 Unde
706 2383 879 2448 reversus,
901 2385 1004 2455 quum
1029 2361 1156 2430 videret
1178 2386 1212 2430 se

75 2509 78 2518 =
141 2473 257 2565 patriae
279 2495 346 2542 suae
363 2486 433 2542 tam
450 2467 537 2538 bene
557 2465 699 2538 dicendo
718 2489 818 2560 quam
838 2463 924 2535 bene
943 2464 1097 2538 faciendo
1115 2493 1212 2562 posse

141 2578 316 2672 prodesse,
340 2601 445 2672 aquo
462 2576 595 2668 incepto
613 2571 722 2642 studio
741 2567 864 2640 militiae
883 2571 988 2666 gloria
1009 2574 1214 2672 detinuerat,

142 2684 261 2754 eodem
280 2708 467 2778 regressus,
485 2680 600 2750 statuit
615 2679 708 2747 urbis
728 2678 844 2748 Romae
862 2694 1115 2774 exterarumque
1133 2705 1213 2774 gen·

141 2792 227 2859 tium
244 2789 333 2859 facta
354 2786 450 2859 simul
467 2811 507 2856 ac
522 2786 613 2855 dicta
633 2798 821 2854 memoratu
841 2783 961 2879 digna,
980 2799 1019 2853 ut
1039 2788 1109 2880 ipse
1127 2785 1214 2854 fate-

142 2911 217 2985 tur,
239 2893 425 2965 litterarum
445 2892 670 2963 monumentis
692 2890 948 2960 commendare:
965 2891 1055 2985 quod
1076 2889 1216 2962 feliciter

143 3017 179 3071 et
193 3001 337 3096 gloriose
352 3013 576 3095 consequutus
589 3010 648 3066 est.
667 2994 796 3091 Floruit
814 3008 925 3066 autem
938 2985 1067 3067 Tiberii
1076 3000 1215 3069 caesaris

143 3108 370 3204 temporibus,
389 3122 424 3178 et
439 3107 501 3178 sub
522 3104 592 3200 ejus
609 3103 749 3198 imperio
768 3102 857 3172 hanc
873 3103 1006 3198 scripsit
1023 3104 1214 3193 historiam,

145 3213 243 3308 cujus
267 3215 366 3284 ctiam
392 3239 518 3283 numen
546 3213 689 3279 invocat.
712 3211 935 3305 Imperatores
957 3209 1046 3279 enim
1065 3212 1215 3297 romani,

145 3343 249 3414 quum
267 3321 390 3390 virtute
400 3345 461 3392 sua
471 3321 559 3414 juste
574 3331 753 3411 sancteque
767 3317 942 3412 gessissent
954 3318 1148 3412 imperium,
1161 3316 1214 3428 di-

144 3428 225 3496 vino
237 3424 491 3496 celebrabantur
505 3425 650 3510 honore,
661 3437 695 3491 et
708 3424 743 3491 in
756 3426 907 3492 Deorum
924 3447 1101 3500 numerum
1113 3437 1215 3494 trans·

146 3531 362 3620 ferebantur3
394 3532 483 3602 unde
512 3533 612 3602 etiam
633 3533 740 3600 Divos
760 3531 977 3622 imperatores
1001 3527 1213 3624 appellamus.

147 3636 263 3708 Genus
285 3663 366 3707 vero
388 3664 484 3710 suum
504 3652 681 3732 paternum
699 3660 719 3702 a
741 3649 838 3730 gente
856 3632 1005 3725 Valeria,
1027 3650 1215 3708 maternum

147 3745 283 3814 aFabia
300 3744 431 3815 duxisse
449 3744 574 3814 fertur:
587 3742 675 3812 unde
695 3745 733 3813 V
728 3743 855 3812 aler-un
870 3745 1048 3812 Macrinus
1066 3767 1107 3812 ex
1125 3757 1215 3814 utra-
1263 3741 1273 3770 ¹

147 3876 211 3944 que
226 3849 349 3920 familia
367 3855 397 3922 ei
416 3877 537 3922 nomen
557 3865 615 3920 est.
636 3849 690 3918 De
711 3849 805 3942 cujus
824 3864 931 3920 morte
950 3851 1031 3921 certi
1050 3847 1131 3920 nihil
1154 3875 1215 3943 po·
1318 3853 1320 3860 ⁸

148 3971 212 4026 test
230 3958 353 4028 afferri.
