2864 4994
337 441 447 508 cnr.
477 441 519 528 v,
551 443 622 508 nn
656 441 941 511 cuminus.
1134 441 1180 542 37

105 574 146 643 ad
161 575 246 644 certi
259 572 379 641 ominis
394 574 556 667 processit
574 585 747 660 eventum,
761 574 917 666 quoniam
935 557 1181 664 Metellus,1ion

106 683 149 749 ita
163 678 273 748 multo
286 693 379 773 post,
396 693 528 770 mortua
543 678 692 767 Cardia,
709 679 894 774 virginem,¹
908 681 950 749 de
965 705 1030 775 qua
1045 681 1180 778 loquor,

105 788 139 854 in
154 787 404 854 matrimonium
420 784 542 854 duxit¹.
989 791 993 798 “

162 888 196 962 5.
225 895 264 960 C.
282 905 401 960 ¹autern
425 889 554 960 Mario'
580 892 767 960 observatio
795 892 912 961 ominis
933 892 1050 986 procul
1079 893 1180 964 dubio

108 997 206 1067 saluti
227 996 305 1084 fuit,
325 1023 391 1092 quo
411 1011 560 1093 tempore
580 998 684 1070 hostis
699 1022 718 1065 a
733 1011 849 1067 senatu
861 998 1044 1091 judicatus,
1064 1001 1098 1068 in
1116 1000 1179 1069 do-

108 1129 201 1172 mum
215 1105 348 1172 Fanniae
366 1104 546 1174 Minturnis
559 1104 716 1174 custodite
735 1127 833 1174 causa
850 1104 1012 1174 deductus
1031 1119 1088 1175 est.
1106 1107 1182 1174 Ani·

107 1210 288 1299 madvertit
307 1211 395 1278 enim
417 1210 573 1298 asellum,
595 1237 698 1306 quum
724 1212 753 1279 ei
779 1209 939 1306 pabulum
957 1212 1180 1306 objiceretur,

106 1315 261 1411 neglecto
281 1341 337 1403 eo,
361 1316 543 1410 adaquant
571 1331 833 1410 procurrentem.
860 1318 939 1406 Quo
969 1315 1181 1413 spectaculo,

104 1423 248 1491 deorum
261 1423 485 1516 providentia,
495 1422 585 1518 quod
598 1435 804 1518 sequeretur,
824 1422 973 1493 oblatum
987 1439 1095 1504 ratus,
1105 1422 1180 1494 alio

107 1531 189 1624 quin
213 1529 314 1597 etiarn
338 1530 661 1624 interpretandarum
687 1529 883 1624 religionum
904 1532 1139 1626 peritissimus,
1161 1555 1181 1598 a

107 1633 336 1723 multitudine,
358 1659 431 1729 quae
452 1635 495 1703 ad
512 1662 611 1730 opem
629 1635 675 1705 illi
693 1636 863 1705 ferendam
881 1637 1101 1724 confluxerat,
1123 1639 1180 1704 im·

107 1743 273 1836 petravit,
284 1757 323 1810 ut
338 1742 379 1810 ad
392 1765 483 1810 mare
501 1743 759 1837 perduceretur:
774 1767 813 1840 alc
827 1745 978 1836 protinus
994 1734 1180 1812 naviculam

108 1847 322 1937 conscendit3
342 1872 445 1943 eaque
463 1849 497 1918 in
516 1849 664 1946 Africam
681 1863 877 1945 pervectus,
893 1874 987 1918 arma
1001 1848 1099 1918 Sullae
1118 1850 1181 1917 vic·

108 1955 204 2024 tricia
226 1952 353 2048 effingit.

163 2058 198 2128 6.
223 2061 401 2154 Pompeius
427 2085 510 2129 vero
531 2046 696 2156 Magnus³
717 2063 751 2129 in
774 2062 844 2130 acie
865 2060 1052 2154 pharsalica
1073 2062 1180 2128 victus'

109 2191 131 2233 a
149 2168 308 2254 Caesare,
331 2166 411 2261 fuga
428 2191 577 2260 quaerens
596 2165 756 2255 salutern,
777 2190 878 2237 cursu
897 2169 931 2235 in
951 2166 1092 2235 insulam
1115 2167 1179 2260 Cy·

112 2395 187 2427 naam
205 2375 292 2428 sedem.
308 2376 462 2447 Utrumque
481 2375 563 2429 latine
582 2373 625 2428 di·
668 2377 718 2429 bus
731 2377 817 2429 latuit.
830 2373 966 2430 Indicetes
980 2375 1077 2430 deinde
1088 2395 1103 2428 a
1113 2395 1180 2448 quo-

10 2471 11 2474 ’
111 2455 189 2509 citur.
669 2453 731 2508 dam
745 2467 865 2528 pastore,
880 2457 984 2528 capitur
995 2469 1022 2510 et
1030 2457 1181 2510 Minturnas
1236 2475 1244 2488 ·

154 2555 178 2588 1.
196 2535 380 2587 Matrimonium
391 2534 469 2588 duait.
483 2533 563 2599 Quod
575 2535 626 2588 fuit
667 2534 800 2600 defertur,
810 2537 872 2588 etin
881 2533 991 2589 domum
996 2537 1099 2589 Fanuioe
1110 2531 1180 2597 (non

114 2614 238 2668 illicitum
249 2626 310 2666 ante
319 2611 426 2667 Claudii
435 2613 626 2686 tempora,qui
668 2616 800 2680 mulieris,
824 2614 870 2668 sed
889 2611 956 2678 viri)
972 2615 1078 2688 publice
1091 2627 1179 2668 custo·

115 2693 290 2766 Agrippinam
305 2710 416 2746 uxorem
436 2692 527 2759 duxit,
541 2711 625 2766 quum
669 2693 783 2747 diendus
795 2693 920 2747 traditur.
932 2693 1019 2759 Quem
1032 2712 1122 2746 servus
1132 2713 1183 2764 pu·

111 2773 185 2827 eade
193 2773 260 2826 rein
267 2773 376 2842 gratiam
385 2773 514 2844 principis
525 2773 626 2830 SCtum
668 2775 765 2838 liliosas,
775 2772 809 2826 ad
816 2791 878 2826 enm
885 2771 1062 2825 occidendum
1070 2772 1179 2836 missus,

114 2855 212 2907 lactum
233 2863 308 2904 esset.
332 2853 399 2904 Istos
421 2853 512 2904 thoros
532 2854 626 2905 nefan·
668 2856 802 2923 majestate
816 2865 841 2903 et
854 2850 1035 2904 misericordia
1048 2851 1113 2903 tanti
1127 2851 1179 2904 viri

112 2931 160 2986 dos
170 2945 198 2986 et
212 2932 297 2984 facem
308 2931 425 2984 flebilem
436 2945 512 2984 vocat
523 2931 583 2985 sen.
592 2937 626 2973 -'-
669 2944 769 2996 motus,
779 2929 900 2984 occidere
907 2949 964 2982 non
971 2929 1109 2995 sustinuit,
1118 2929 1179 2996 sed,

116 3014 144 3066 A.
152 3013 187 3066 U.
197 3017 267 3076 622,
275 3010 388 3063 circiter.
399 3009 456 3063 Cic.
467 3011 528 3062 Div.
538 3012 567 3075 Ι,
578 3014 625 3074 46.
668 3013 771 3081 abjecto
790 3012 874 3077 ferro,
890 3010 1033 3063 clamitavit
1049 3010 1151 3080 lugiens
1170 3028 1178 3062 z

155 3113 179 3145 a.
196 3091 274 3144 C....
290 3091 380 3142 Mario.
396 3090 486 3154 Quum
499 3089 626 3160 sulpitius
673 3089 753 3144 «Non
769 3109 866 3162 possum
886 3088 1015 3160 interficere
1031 3089 1153 3142 Marium!
1165 3115 1176 3136 ι

115 3171 174 3224 nib.
193 3171 233 3242 pl.
246 3180 355 3222 auctore
370 3169 453 3222 Μανὶο
464 3170 627 3244 perniciosas
669 3171 724 3241 Ipsi
749 3171 947 3224 Minturnenses
971 3167 1087 3222 Marium
1112 3170 1180 3222 inta-

115 3250 181 3321 leges
191 3251 398 3323 promulgasset,
406 3262 436 3301 nt
445 3250 545 3302 exsules
552 3267 628 3301 revo-
670 3261 742 3304 ctum
752 3248 918 3303 dimiserunt.
931 3251 992 3316 Quo
1001 3251 1085 3314 facto,
1096 3265 1180 3320 quum

117 3343 252 3394 cernitur,
263 3341 294 3382 ut
303 3329 367 3382 nori
377 3327 447 3381 cives
452 3329 627 3400 libertinique
670 3329 698 3382 in
709 3331 826 3382 Africam
839 3349 866 3382 se
874 3329 1039 3394 contulisset,
1050 3348 1130 3382 novas
1142 3329 1180 3381 ibi

118 3407 340 3463 distribuerentur
349 3404 379 3460 in
387 3408 530 3473 tribus‚ut
539 3409 627 3460 Mario
670 3411 832 3481 comparavit
845 3409 923 3463 vires.
937 3441 978 3452 -
996 3411 1047 3462 An.
1061 3409 1094 3464 U.
1113 3407 1180 3464 665.
1269 3407 1276 3420 ³

117 3490 215 3542 bellum
229 3479 444 3542 Mithridaticum
456 3485 627 3540 demandare-
670 3491 741 3542 Plut.

119 3581 173 3634 tm,
199 3581 226 3622 et
250 3567 449 3622 adversantibus
475 3568 628 3620 consulibus
713 3567 1200 3639 3.Pompeius...·lllagnns.Cujusma··

118 3647 173 3700 vim
183 3649 332 3714 intulissem
344 3647 417 3700 Sulla
429 3644 526 3701 deinde
537 3658 589 3700 cus.
598 3647 630 3698 in'
670 3646 1180 3721 gnitudinemevehitpraecipueCic.or.

119 3728 214 3780 urbem
226 3745 289 3780 cum
302 3728 419 3782 exercitu
430 3729 519 3794 venit,
535 3725 629 3780 adver·
671 3729 722 3794 IV,
742 3729 771 3780 in
787 3728 864 3781 Catil.
880 3758 920 3770 -
936 3727 1091 3789 Pharsalica,
1109 3725 1182 3800 apud

119 3825 164 3859 sus
183 3809 316 3860 Marianas
331 3821 419 3880 partes
441 3808 470 3860 in
492 3809 548 3878 ipsa
563 3807 630 3860 urbe
672 3806 831 3862 Pharsaliam
843 3823 887 3860 seu
902 3807 1181 3873 Pharsalum,nrbem
1264 3847 1268 3856 .

119 3888 266 3958 pugnavit,
286 3905 380 3959 easque
400 3888 508 3958 expulit.
529 3887 629 3940 Marios
672 3886 801 3940 Emathias
818 3887 1019 3940 seuThessaliae.
1035 3919 1075 3930 -
1093 3887 1181 3940 Cursu.

118 3965 201 4035 igitur
215 3985 276 4019 cum
291 3968 349 4020 aliis
363 3987 377 4020 a
390 3979 481 4020 senatu
491 3967 576 4019 liostis
587 3967 629 4038 ju·
675 3969 775 4020 Cursus
784 3985 833 4037 pro
844 3968 1181 4020 itineremaritimoetcur·

116 4043 233 4112 dicatus,
249 4047 387 4100 Minturnas
393 4045 631 4110 ,-urbemLatii
674 4065 732 4100 rere
751 4064 801 4118 pro
824 4048 946 4118 navigare
967 4048 1090 4118 frequens
1110 4045 1182 4118 apud

119 4135 153 4178 ct
165 4115 289 4181 coloniam
298 4161 352 4198 ,-
363 4127 477 4194 delatus,
491 4125 631 4199 inpaludi·
676 4139 804 4181 auctores.
812 4125 874 4181 Vid.
890 4127 987 4196 Nepot.
1004 4125 1116 4180 Miltiad.

959 4193 999 4276 3.
