2864 4994
327 452 435 526 cnr.
463 456 498 542 1,
525 455 595 524 na
625 453 943 528 narramur.
1122 457 1167 532 13

97 583 201 658 *ticum
229 587 409 658 auctoritas
431 584 624 680 amplissimi
650 589 733 676 viri,
756 601 815 656 aut
840 585 1002 658 Marcello
1028 589 1169 684 adjectio

97 696 256 789 impensae
281 691 518 788 impedimento
541 691 621 781 fuit,
638 719 706 787 quo
726 694 835 764 minus
855 693 1066 789 religionibus
1090 721 1170 768 suus

97 815 216 888 tenor,
234 824 358 895 suaque
375 797 564 870 observatio
583 799 786 868 redderetur.

151 929 189 1000 9.
212 903 394 976 Obruitur¹
413 919 465 976 tot
488 907 587 975 etiam
606 903 786 976 illustribus
806 905 1034 978 consularibus
1053 909 1093 976 L.
1111 911 1173 980 Fu·

98 1014 167 1082 rius
191 1011 390 1099 Bibaculus,
416 1010 622 1107 exemplique
648 1010 759 1082 locum
789 1014 847 1081 vix
874 1027 950 1106 post
972 1012 1171 1096 Marcellum

98 1120 236 1188 invenit.
256 1118 321 1188 Sed
345 1119 392 1214 pii
413 1116 511 1187 simul
540 1143 579 1188 ac
605 1116 749 1214 religiosi
769 1119 869 1188 animi
892 1117 988 1188 laude
1010 1119 1171 1190 fraudan-

97 1224 160 1294 dus
183 1239 320 1294 nonest
340 1250 348 1294 :
367 1225 425 1320 qui
442 1238 565 1319 praetnr
585 1248 605 1292 a
628 1240 724 1318 patre
748 1249 808 1294 sun
829 1223 959 1319 collegii
981 1224 1171 1296 Saliorum²

98 1333 258 1426 magistro
274 1332 405 1424 jussus,
426 1356 483 1400 sex
508 1328 680 1400 lictoribus
697 1330 975 1426 precedentibus,
998 1355 1092 1400 arma
1113 1355 1171 1400 an·

98 1437 174 1507 cilia
186 1436 262 1506 tulit
276 1463 283 1505 :
303 1438 453 1531 quamvis
467 1439 674 1507 vacationem
687 1438 786 1534 hujus
801 1437 903 1508 officii
916 1437 1053 1508 honoris
1070 1437 1169 1507 bene·

98 1543 178 1613 licio
200 1544 348 1614 haberet
374 1545 497 1613 Omnia
524 1568 666 1638 namque
694 1558 771 1638 post
798 1541 991 1639 religionem
1015 1544 1171 1639 ponenda

97 1674 231 1745 semper
247 1665 361 1719 nostra
377 1652 493 1720 civitas
511 1650 605 1718 duxit
620 1675 627 1718 :
645 1651 744 1718 etiam
765 1651 798 1717 in
818 1651 938 1743 quibus
956 1674 1092 1720 summae
1105 1673 1171 1719 ma·

95 1756 222 1849 jestatis
235 1758 381 1851 conspici
393 1757 497 1826 decus
507 1755 621 1826 voluit.
632 1757 848 1852 Quapropter
856 1781 924 1826 non
933 1756 1171 1826 dubitaverunt

99 1865 201 1932 sacris
219 1865 358 1957 imperia
377 1862 526 1934 servire:
544 1865 591 1933 ita
609 1887 644 1932 se
663 1847 907 1932 humanarum³
925 1887 1036 1932 rerum
1058 1862 1171 1932 futura

5 2045 7 2064 μ
100 1971 249 2065 regimen
269 1969 507 2058 existimantia,
527 1971 555 2039 si
569 1969 689 2038 divinae
704 1971 860 2063 potentiae
873 1968 958 2038 bene
971 1983 1070 2063 atque
1086 1993 1170 2038 con-

97 2089 226 2144 stanter
247 2075 385 2145 luisscnt
406 2074 572 2144 famulata

157 2203 215 2253 10.
236 2183 337 2270 Quod
349 2183 451 2252 animi
463 2181 625 2276 judicium
641 2183 675 2251 in
693 2183 899 2276 privatorum
913 2205 1045 2276 qnoque
1063 2195 1171 2275 pecto·

99 2288 192 2357 ribus
206 2304 376 2376 versatum
384 2303 449 2358 est.
458 2289 553 2357 Urbe
562 2288 792 2358 enimaGallis
802 2304 916 2382 capta,
928 2290 1031 2382 qrnsm
1050 2287 1173 2357 flamen

101 2393 282 2484 Quirinalis
295 2397 504 2490 virginesque
518 2394 668 2466 Vestales
678 2419 771 2464 sacra
782 2419 883 2463 onere
896 2397 1018 2490 partito
1030 2394 1172 2480 ferrent,

101 2609 611 2680 esse,quartoennopostpatrisnecem.
660 2606 1170 2680 delapsi‚aicntPalladiumTrojanum.

102 2719 141 2732 -
153 2691 207 2742 An.
221 2689 256 2741 U.
276 2688 339 2742 516.
352 2689 471 2742 Lacum.
483 2687 538 2742 div.
550 2689 612 2743 inst.
660 2687 742 2754 Quod
761 2689 871 2742 unicum
888 2690 1022 2760 principio
1037 2690 1121 2742 ancile
1136 2707 1172 2741 ne

101 2770 130 2834 1,
145 2787 169 2820 o.
186 2786 234 2832 αι,
250 2775 297 2838 47.
660 2780 815 2839 raperetur,
828 2788 912 2839 quum
928 2770 956 2820 in
969 2788 1002 2822 eo
1015 2769 1085 2821 salus
1095 2768 1170 2820 urbis

144 2867 170 2900 1.
183 2843 318 2909 Obruitur,
330 2847 348 2900 i.
359 2865 382 2900 e.
394 2845 544 2909 obscuratur,
559 2847 612 2900 ele·
661 2848 804 2900 consistere
825 2847 993 2912 crederetur,
1018 2849 1106 2900 Numa
1122 2865 1170 2918 per

102 2924 613 2998 genten-Consularibusrlliilegunt:
661 2926 825 2978 Mamurium
846 2928 887 2978 XI
908 2927 948 2978 illi
974 2924 1086 2980 eddidit.
1103 2925 1170 2979 Vid.

103 3019 137 3058 tot
154 3018 180 3058 et
195 3006 425 3069 iamcomuhttbus,
450 3005 524 3078 quod
537 3007 614 3077 quin·
662 3005 742 3058 Dion.
753 3006 838 3059 Halic.
851 3005 994 3078 11‚Anriq.
1004 3003 1085 3059 ovid.
1098 3007 1169 3060 Fast.

103 3099 221 3140 tumens.
230 3083 613 3140 fueratMarcellus.Sedlectio
661 3085 711 3138 ΙΙΙ.
726 3085 809 3138 Erant
826 3081 931 3142 διοπετῆ
945 3086 1019 3140 ὅπλα.

103 3165 238 3238 antiquior
257 3179 364 3238 recept-a
380 3185 435 3219 non
454 3179 526 3220 caret
543 3185 614 3219 com·
704 3165 731 3218 3.
751 3167 928 3220 flammarum.
947 3165 1089 3238 Exemplar
1106 3166 1171 3220 Pul·

103 3245 184 3298 modo
193 3264 273 3299 sensu
285 3263 293 3299 z
306 3246 379 3299 viros
391 3247 554 3312 consulares,
566 3245 614 3316 qui
662 3246 835 3299 marinianum
849 3246 929 3298 babet
945 3264 952 3299 :
971 3271 983 3294 ι
998 3250 1033 3298 ita
1048 3266 1073 3298 se
1086 3247 1170 3298 liuma-

103 3324 613 3396 religionisohservantesfuerint‚adeo
663 3343 747 3376 aarum
755 3326 993 3378 rerumaelutcuram
999 3346 1082 3396 gerere
1090 3330 1172 3378 existi·

104 3406 202 3458 multos
212 3424 284 3472 esse,
294 3406 376 3458 utrix
383 3405 504 3458 Bibaculi
512 3405 615 3466 mentio
663 3410 767 3470 mantia,
777 3417 788 3436 ·
799 3424 858 3476 que
866 3406 947 3458 rerba
956 3405 1051 3476 Pighio
1061 3406 1170 3476 aliisque

104 3485 186 3556 possit
198 3483 267 3537 lieri.
662 3485 816 3556 pulchriora
839 3497 866 3538 et
888 3483 1015 3538 nitidiora
1036 3482 1171 3539 ridentur.

145 3563 310 3618 a.Saliorum.
322 3565 362 3616 De
372 3564 446 3617 Saliis
454 3565 508 3616 ΧΠ
517 3557 615 3634 (patri·
662 3563 717 3616 Alii
733 3566 845 3634 legunt:
869 3590 880 3612 ι
893 3565 1004 3616 habitura
1022 3568 1168 3632 regimem·

105 3639 173 3706 ciis)
193 3663 210 3696 a
234 3641 323 3697 Numa
345 3639 510 3708 constitutis,
532 3640 615 3696 Marti
664 3642 1172 3714 sedcodd-regii,quosconsuluimus,

106 3721 214 3793 gradivo
222 3725 393 3785 consecratis,
402 3722 513 3776 totidem
521 3723 616 3776 ancilia
664 3725 776 3776 minime
791 3724 903 3776 variant.
922 3756 962 3766 -
987 3725 1171 3776 Existimatio.

106 3803 615 3874 perurbemgestantibns,carminaque
664 3793 778 3856 Sensus:
793 3803 922 3874 Imperia,
941 3805 960 3856 i.
976 3822 1000 3857 e.
1019 3808 1173 3873 maganutus

107 3898 167 3934 oum
175 3881 280 3936 solenni
292 3882 430 3936 saltatione
444 3882 616 3948 canentibus,
661 3878 804 3952 publici(cl.
818 3883 906 3936 statim
916 3881 1074 3952 privatorum)
1085 3883 1175 3936 existi·

108 3956 155 4030 leg.
168 3961 227 4014 Liv.
237 3962 261 4015 Ι.
275 3962 381 4016 Servius
393 3961 454 4015 adl.
465 3961 542 4015 vul.
553 3965 615 4016 AEn.
665 3974 785 4028 morunt,
802 3981 829 4016 se
838 3975 902 4015 tunc
915 3963 972 4016 fore
985 3976 1115 4016 terrarum
1124 3961 1174 4016 do·

109 4051 135 4091 et
143 4039 242 4096 Festum.
251 4041 350 4094 -Sea
361 4043 454 4094 lictores
463 4055 539 4094 erant
548 4059 617 4114 prae·
665 4041 764 4104 minos,
780 4043 802 4095 si
813 4041 865 4094 diis
873 4043 1010 4096 servirent.
1022 4075 1063 4088 «-
1077 4046 1126 4095 An.
1138 4044 1174 4096 U.

111 4117 181 4174 toris.
198 4153 240 4167 -
254 4122 343 4175 Ancile
353 4122 420 4176 scuti
433 4141 516 4193 genio
527 4142 542 4178 a
552 4121 616 4176 ento
668 4121 734 4176 363.
748 4122 850 4187 Liav,
870 4129 924 4187 40,
941 4123 976 4189 53
991 4123 1065 4178 Flor.
1081 4125 1112 4188 1,
1131 4123 1175 4178 13.
