2864 4994
134 389 138 402 '
243 413 290 484 28
446 411 673 480 vinnan
706 409 914 478 nixum
947 412 1042 478 me.
1075 413 1101 479 1.

241 558 423 614 nocturnos
437 597 447 631 ,
462 542 598 636 ejusque
612 543 741 611 monitu
753 567 801 630 se,
821 566 894 636 quae
910 557 1047 638 accepta
1062 542 1124 611 diis
1137 543 1307 613 bnmorta·

243 649 328 719 libus
350 673 443 718 sacra
464 648 594 737 forent,
618 649 796 717 instituere.

296 781 328 824 2.
352 753 485 848 Scipio¹
508 754 681 824 Africanus
703 779 772 823 non
789 768 866 823 ante
887 754 928 823 ed
950 743 1084 849 negotii
1104 753 1237 847 publica
1253 754 1307 824 vel

243 863 371 956 privata
384 861 471 949 ibat,
489 885 589 954 quam
600 862 635 929 in
649 859 732 930 cella
748 864 767 929 J
769 861 840 930 ovis
854 859 1031 955 Capitolini
1044 874 1191 929 moratus
1207 875 1309 947 esset,

243 982 276 1036 et
295 968 369 1036 ideo
389 969 471 1036 Jov'e
493 968 621 1062 genitus
640 967 846 1036 credebatur.

297 1071 329 1142 3.
350 1075 388 1141 L.
411 1071 531 1156 Sulla²,
551 1074 678 1166 quoties
701 1072 852 1168 praelium
874 1074 1081 1142 committere
1102 1071 1310 1159 destinabat,

242 1203 383 1272 parvum
397 1178 557 1272 Apollinis
576 1181 706 1274 signum
725 1176 864 1273 Delphis
878 1176 1064 1265 sublatum,
1079 1179 1113 1246 in
1130 1192 1312 1272 conspeetu

152 1313 153 1320 ¹
244 1283 384 1353 milit'um
406 1283 617 1379 complexus,
640 1285 775 1370 orabat,
795 1286 845 1351 uti
867 1285 1026 1377 promissa
1046 1297 1236 1353 maturaret.

297 1394 330 1476 4.
355 1391 420 1478 Qu.
441 1375 624 1459 Sertorius³
642 1415 703 1484 per
717 1414 851 1483 asperos
870 1392 1048 1459 Lusitaniae
1064 1389 1163 1459 colles
1177 1414 1312 1459 cervam

244 1495 353 1564 albam
371 1496 540 1582 trahebat,
553 1495 594 1563 ab
606 1518 645 1564 ea
657 1520 707 1582 se,
718 1520 870 1590 quaenam
882 1512 940 1564 aut
951 1496 1097 1592 agenda,
1108 1511 1166 1564 aut
1175 1497 1313 1566 vitanda

245 1616 373 1688 essent,
389 1601 571 1694 praedicans
593 1602 774 1670 admoneri.

360 1796 412 1848 DE
432 1793 666 1848 RELIGIONE
687 1795 899 1850 SIMULATA
918 1797 967 1848 AB
988 1796 1206 1850 EXTERNIS.

305 1960 333 2006 1.
356 1921 486 2004 Μίηοε4
500 1937 709 2005 Cretensium
731 1961 790 2004 rex
804 1960 894 2006 nono
910 1961 1041 2031 quoque
1055 1945 1150 2005 anne
1161 1937 1195 2004 in
1210 1935 1317 2030 quod·

246 2042 323 2110 dam
345 2041 545 2136 praealtum,
560 2057 594 2110 et
615 2056 745 2111 vetusta
766 2040 923 2136 religione
946 2057 1176 2112 consecratum
1199 2066 1318 2137 specus

248 2147 401 2217 secedere
418 2146 566 2216 solebat:
582 2161 615 2216 et
632 2148 666 2215 in
683 2173 723 2216 eo
739 2162 902 2236 moratus,
916 2163 1085 2243 tamquam
1101 2173 1121 2216 a
1135 2152 1235 2236 Jove,
1249 2173 1318 2243 quo

248 2278 282 2324 se
301 2268 412 2323 ortum
428 2253 573 2340 ferebat,
588 2253 724 2322 traditas
743 2254 803 2322 sibi
816 2251 904 2348 leges
915 2239 1155 2349 praerogabat⁵.

303 2385 336 2428 2.
362 2343 574 2428 Pisistratus*
595 2360 876 2456 inrecuperanda
896 2361 1090 2454 tyrannide,
1113 2383 1212 2453 quam
1235 2360 1318 2428 ami·

295 2569 321 2605 1.
336 2550 426 2621 Scipio.
442 2551 510 2603 Jove
524 2549 627 2620 genitus
643 2551 692 2602 sub
708 2568 764 2621 spe·
807 2549 927 2603 Sertorius
940 2550 996 2603 sine
1011 2550 1094 2604 dubio
1108 2569 1135 2603 se
1148 2570 1161 2603 a
1174 2533 1259 2604 Diina
1270 2570 1320 2624 per

253 2631 292 2684 cie
302 2629 432 2702 serpentis
443 2628 692 2696 credebatiu,sicut
703 2630 764 2682 Ale·
807 2646 912 2682 cervam
934 2631 1037 2683 moneri
1054 2629 1149 2684 voluit.
1164 2632 1268 2684 —Am
1282 2632 1317 2683 U.
1426 2651 1427 2674 i

253 2709 353 2764 xander
366 2710 405 2762 M.
425 2727 452 2762 se
465 2710 604 2762 Ammonis
616 2707 718 2774 lilium,
731 2710 765 2761 ab
809 2710 876 2779 673.
892 2709 962 2763 Plut.
980 2709 1071 2764 Frout.

252 2809 284 2845 eo
299 2791 349 2843 sub
364 2789 494 2861 serpentis
514 2789 600 2861 specie
625 2791 765 2860 genitum,
850 2802 874 2850 4.
889 2789 980 2844 Minos.
993 2789 1160 2862 Cretensium
1172 2808 1235 2854 rex,
1249 2790 1321 2842 Xan·
1345 2783 1350 2790 ’

251 2871 373 2942 jactabat.
388 2870 520 2923 Ceterum
531 2865 642 2940 tropon
657 2867 766 2922 denotat
808 2869 849 2921 tbi
862 2869 972 2935 rectius,
985 2889 1064 2940 quam
1079 2871 1152 2922 Jovis
1165 2881 1190 2922 et
1205 2871 1320 2942 Europe

253 2950 332 3004 etiam
357 2949 489 3014 nobilem,
510 2950 641 3020 inclytum
661 2947 776 3020 deoque(
808 2948 899 3013 filius,
922 2967 1001 3020 quem
1024 2950 1059 3002 ob
1084 2949 1191 3020 justitiae
1212 2948 1322 3001 laudem

254 3043 385 3094 amatum,
399 3047 458 3100 que
469 3047 522 3081 vox
533 3029 680 3081 honorifica
694 3030 767 3081 fabu-
809 3047 871 3091 cum
886 3029 981 3082 coevis
993 3029 1060 3093 fere,
1075 3029 1159 3082 AEaco
1171 3027 1321 3100 Myrmido·

253 3109 286 3161 lis
304 3106 441 3160 interdum
460 3125 550 3160 ansam
570 3108 713 3179 praebuisse
729 3107 768 3159 vi·
809 3125 874 3158 num
895 3126 956 3178 rege
978 3111 1086 3180 ejusque
1113 3109 1193 3162 fratre
1219 3109 1321 3160 Mada·
1426 3139 1427 3142 =

254 3186 341 3240 uetur.
357 3187 450 3238 ..ie
463 3187 498 3238 e.
515 3187 578 3250 542.
591 3186 650 3239 mv.
665 3187 769 3254 xxm,
811 3187 920 3249 manin,
931 3188 1078 3242 inferorum
1092 3186 1210 3260 judicem
1226 3189 1323 3242 hahuit

258 3284 308 3336 193
329 3266 422 3332 Quint.
440 3266 485 3330 11,
507 3272 545 3330 43
565 3268 629 3331 Aur.
644 3265 713 3339 Vici.
735 3264 768 3318 de
811 3266 971 3337 superstitio.
1426 3261 1427 3286 ³

256 3346 338 3418 Scip.;
356 3343 497 3409 Gettvn,
514 3345 626 3410 13Plut.
641 3344 668 3396 in
678 3345 768 3399 AEmil.
853 3345 878 3398 5.
895 3346 1065 3418 Praerogabat.
1086 3349 1127 3400 Ita
1144 3344 1227 3401 Aldus
1244 3358 1323 3418 atque
1426 3351 1427 3402 l

296 3446 321 3478 a.
336 3427 366 3478 L.
378 3425 460 3486 Sulla,
479 3437 528 3477 etc.
543 3423 599 3478 Hae
612 3443 641 3478 re
655 3425 769 3478 militum
812 3425 856 3477 alii
879 3424 1029 3481 ediderunt.
1047 3429 1083 3480 At
1104 3424 1165 3482 cod.
1189 3425 1323 3480 Brandeb.
1426 3421 1427 3474 Ῠ

256 3505 337 3560 animi
354 3503 581 3570 accendebantur,
602 3503 665 3557 deos
680 3507 770 3578 propi·
811 3505 892 3576 baben
903 3509 1065 3578 prorogabat,
1083 3506 1155 3578 quod
1168 3507 1264 3578 probat
1275 3507 1324 3558 Pe·

257 3587 308 3640 tios
321 3603 376 3638 esse
388 3603 477 3638 secum
491 3582 666 3638 credentium.
674 3588 769 3639 —Am
785 3610 790 3618 ·
811 3585 896 3640 rizon.
909 3587 1064 3658 Prorogabat
1078 3600 1133 3640 est:
1145 3587 1173 3638 in
1187 3587 1323 3659 proximos
1426 3629 1427 3632 ,

256 3667 292 3718 U.
316 3669 383 3736 671.
403 3665 474 3718 Plut.
491 3665 584 3717 Front.
597 3665 624 3730 I,
647 3683 697 3728 ιι,
718 3667 770 3730 ῑ3;
813 3684 931 3738 quosque
941 3663 1037 3720 nbvem
1047 3665 1129 3720 annos
1141 3665 1248 3718 decreto
1263 3684 1324 3718 con·

256 3745 327 3798 Gell.
345 3745 414 3805 XV,
433 3761 482 3810 υς
498 3743 575 3797 Oros.
593 3745 690 3809 XXII,
704 3745 729 3798 5.
813 3747 940 3800 tinuabat.
958 3748 1057 3800 Passim
1072 3749 1101 3799 in
1116 3745 1192 3799 MSS.
1204 3765 1324 3816 petrogu-

297 3824 324 3878 3.
349 3823 771 3894 Q.Sertorius‚etc.DeLusitenia
814 3827 868 3888 bat,
883 3825 956 3898 quod
971 3846 1025 3879 non
1041 3825 1149 3879 damnat
1162 3825 1325 3878 Torren—

256 3903 312 3958 vid.
332 3915 428 3977 preter
440 3915 505 3957 vett.
523 3905 685 3976 geographos
701 3906 770 3958 Plin.
814 3907 888 3958 Plato
904 3906 933 3957 in
945 3906 1027 3973 Min.;
1043 3905 1187 3960 Marsbami
1197 3905 1323 3957 Chronic.

257 3986 306 4049 IV,
324 4003 370 4037 ιι.
385 3985 490 4036 Trahere
502 3985 595 4037 Curtio
608 3985 688 4037 etiam
704 3985 772 4037 aliis·
814 4005 842 4056 p.
858 4005 928 4056 277,
944 3997 970 4038 et
983 3988 1050 4041 613.

221 4092 224 4101 ·
258 4083 309 4134 que
331 4063 425 4134 idem,
452 4062 524 4136 quod
554 4083 643 4119 secum
664 4064 769 4118 ducere.
856 4061 1328 4139 6.Pisistratus.Tyrannideadversus
