2864 4994
925 335 933 366 Ι

256 448 304 520 26
456 447 680 516 VALERII
708 445 916 514 ΜΑΧΙΜΙ
952 449 1047 515 LIB.
1075 451 1102 516 1.

251 578 471 674 incitatoque¹
492 580 536 650 ad
560 605 633 650 eam
653 579 860 674 partiendum
885 579 1027 675 populo,
1055 595 1092 649 ut
1114 583 1275 676 comperit
1297 609 1315 650 a

252 689 412 756 Romanis
436 687 555 780 Pythio
584 674 728 782 Apollini
756 686 960 756 decimarum
988 689 1122 755 nomine
1150 687 1317 774 dicatam,

253 793 406 862 manibus
432 793 694 862 venundantium
716 808 865 888 ereptam
887 793 950 864 deo
976 792 1127 887 Delphos
1151 795 1317 888 perferen-

255 899 332 968 dam
350 902 487 969 curavit.

311 1002 345 1075 5.
366 1006 494 1076 Milesia
510 1009 632 1094 Ceres,
652 1005 768 1076 Mileto
787 1007 830 1074 ab
847 1005 1037 1076 Alexandro
1053 1021 1168 1101 capta,
1186 1005 1320 1091 milites,

253 1113 311 1206 qui
323 1113 484 1207 templum
495 1112 665 1209 spoliaturi
677 1115 880 1208 irruperant,
892 1114 1025 1184 flemma
1038 1113 1170 1208 objecta
1179 1114 1321 1208 privavit

254 1219 359 1288 oculis
369 1217 389 1288 ².

308 1325 342 1395 6.
365 1311 503 1413 Persae³‚
530 1323 618 1395 mille
644 1327 779 1395 navium
807 1351 949 1396 nurnero
977 1325 1100 1396 Delum
1134 1324 1323 1422 compulsi,

253 1431 379 1526 templo
405 1431 566 1526 Apollinis
593 1431 761 1526 religiosas
783 1434 893 1526 potius
916 1457 1033 1504 munus
1061 1457 1161 1526 quam
1187 1456 1322 1526 rapaces

255 1539 489 1610 adhibuerunt.

312 1669 344 1740 7.
364 1645 581 1715 Athenienses
597 1631 837 1740 Protagoram⁴
853 1643 1088 1740 philosophum
1105 1643 1325 1740 pepulerunt,

256 1751 333 1844 quia
358 1751 501 1820 scribere
525 1763 623 1822 ausus
645 1751 769 1836 fuerat,
794 1753 939 1847 primum
963 1754 1117 1847 ignorare
1139 1777 1193 1838 se,
1216 1775 1257 1820 an
1280 1750 1326 1820 dii

255 1870 365 1924 essent
383 1881 390 1923 :
409 1856 527 1925 deinde
546 1858 572 1926 si
594 1861 675 1946 sint,
697 1858 810 1953 quales
826 1859 899 1926 sint.
918 1858 1024 1928 Iidem
1041 1861 1211 1928 Socratem
1228 1857 1323 1924 dam-

255 1978 437 2049 naverunt,
459 1963 548 2060 quod
566 1987 688 2032 novam
702 1965 892 2059 religionem
911 1965 1122 2034 introducere
1140 1963 1324 2032 videbatur.

256 2069 362 2138 Iidem
386 2056 556 2140 Phidiam⁵
584 2069 750 2159 tulerunt,
778 2071 937 2165 quamdiu
966 2073 993 2141 is
1025 2097 1191 2142 marmore
1216 2071 1327 2163 potius

258 2200 358 2268 quam
378 2176 479 2244 ebore
496 2177 685 2246 Minervam
705 2177 777 2246 lieri
795 2177 916 2246 debere
934 2176 1083 2263 dicebat,
1097 2177 1189 2272 quod
1206 2175 1328 2244 diutius

258 2278 347 2350 nitor
368 2296 454 2351 esset
475 2307 651 2352 mansurus
675 2309 685 2372 3
711 2284 769 2352 sed
791 2297 828 2352 ut
847 2283 986 2378 adjecit,
1004 2299 1038 2352 et
1058 2282 1172 2372 vilius,
1194 2265 1329 2350 tacere⁶

254 2403 432 2482 jusserunt.

263 2564 334 2634 307,
346 2576 371 2616 et
381 2565 460 2634 sinrul
467 2568 557 2636 patriae
566 2563 682 2636 praebuit
696 2585 774 2616 exem-
817 2563 926 2636 religio,
940 2563 988 2618 etsi
1002 2565 1081 2629 falsa,
1094 2562 1160 2619 dum
1170 2563 1276 2617 meliori
1288 2581 1330 2620 ca·

185 2693 189 2710 ,
257 2645 337 2714 plum,
353 2644 502 2720 quodcum
518 2664 613 2716 magno
631 2645 720 2701 fructu
734 2663 775 2698 se·
818 2657 921 2710 rerem,
932 2645 1075 2701 haberetur
1089 2641 1217 2698 ludibrio.
1229 2644 1329 2695 -La-

261 2737 415 2794 querentur.
818 2736 899 2777 etant.
915 2724 978 2778 hist.
995 2725 1035 2785 11,
1051 2743 1078 2794 7.

304 2805 573 2879 1.1acaaaqae,eta.
594 2804 682 2862 Codd.
698 2805 774 2861 MSS.
861 2807 888 2860 3.
909 2805 1003 2866 Persa,
1018 2816 1069 2857 etc.
1089 2805 1122 2855 111
1142 2803 1236 2860 Xerxis
1255 2822 1331 2876 expe·

261 2884 383 2956 plerique
400 2905 462 2943 cum
473 2898 537 2942 vett.
552 2885 613 2940 edd.
627 2886 664 2940 ito
681 2887 776 2942 consti·
820 2885 930 2938 ditione.
951 2886 1027 2938 Delos
1044 2881 1174 2956 Apollinis
1194 2897 1219 2936 et
1238 2884 1331 2939 Diana

263 2976 358 3022 ruunt:
367 2987 437 3038 qnam
448 2969 552 3025 Romani
561 2967 653 3038 Pythio
664 2967 778 3038 Apollini
819 2959 905 3037 pairia
915 2982 921 3016 :
933 2964 1062 3036 templum
1074 2964 1112 3014 ibi
1126 2963 1240 3016 oraculis
1253 2963 1332 3018 incla-

264 3045 407 3100 decimarum
416 3048 666 3112 naminedicarerant,
677 3051 777 3102 incitato
819 3045 883 3098 ruit.
896 3045 978 3097 Parsa·
995 3042 1103 3114 quidem
1117 3041 1197 3099 deum
1210 3043 1259 3096 sub
1271 3043 1332 3096 ima·

264 3125 300 3178 ad
308 3144 360 3176 eam
368 3127 520 3196 partiendam
528 3128 631 3198 populo,
647 3141 674 3178 ut
687 3146 778 3196 compe·
821 3125 926 3195 ginibus
933 3123 995 3181 etin
1002 3122 1107 3196 templis
1114 3123 1165 3176 ooli
1174 3119 1332 3188 noluerunt3

265 3207 309 3265 rit,
318 3224 370 3256 eam
379 3207 487 3276 Densius
495 3205 661 3276 perferendam
670 3209 776 3268 curavit,·
820 3205 849 3256 in
864 3204 917 3256 hoo
937 3215 1024 3264 tamen
1045 3203 1143 3276 templo
1159 3201 1269 3262 donaria
1287 3222 1332 3256 eu·

265 3283 368 3339 omissis
382 3303 389 3338 τ
402 3286 509 3342 manibus
522 3285 710 3356 venundandam
726 3305 778 3337 ere-
821 3296 926 3339 xerunt.
942 3315 982 3326 -
995 3282 1123 3339 Herodot.
1140 3283 1188 3336 Vl.

262 3375 347 3434 ptam,
363 3383 422 3436 quae
436 3383 501 3420 vero
517 3365 586 3436 stylo
600 3365 702 3418 Valerii
712 3365 778 3442 ¹satia
863 3364 1069 3436 4.Protagoram.
1079 3363 1234 3434 Protagoras
1240 3360 1334 3417 dediis

266 3445 443 3505 conveniunt,
452 3445 681 3508 annonariae,
689 3444 717 3498 iu
725 3445 781 3501 ani·
822 3442 923 3499 dubius
935 3457 991 3499 eret
1001 3447 1142 3516 :Diagoras
1156 3445 1224 3505 ἄθεος
1237 3441 1333 3508 dictus.

266 3539 312 3581 mo
320 3525 477 3580 habentium
482 3524 780 3596 venundare‚erponos,
865 3524 890 3580 5.
901 3525 1022 3580 Phidiam.
1031 3524 1138 3580 Phidias
1151 3524 1179 3576 in
1191 3521 1242 3576 diis
1253 3541 1333 3593 quam
1414 3551 1415 3584 r

267 3601 302 3658 de
311 3624 365 3678 quo
375 3605 503 3677 loquendi
516 3624 612 3678 genere
622 3604 677 3668 vid,
693 3606 778 3660 Periz.
822 3605 976 3664 hominibus
994 3604 1150 3678 effingendis
1168 3603 1261 3656 artifex
1279 3622 1334 3656 me·
1414 3651 1415 3682 ἒ

267 3683 303 3736 ad
318 3685 406 3740 Sanet.
422 3687 491 3742 Min.
507 3688 538 3753 Ι,
556 3686 606 3749 13,
623 3693 654 3755 4,
670 3699 697 3740 et
711 3687 781 3752 XV,
823 3683 1335 3751 lior.Quinctilian.XII.Iuoborecitra

268 3769 296 3820 6.
308 3766 478 3822 Venundantes
494 3779 556 3824 sunt
568 3766 725 3841 Lipariteni.
740 3799 781 3810 -
824 3767 965 3832 aemulum3
987 3765 1060 3838 quod
1083 3777 1181 3820 testate
1202 3774 1265 3831 sunt
1287 3762 1337 3814 Mi·
1414 3787 1415 3822 r

269 3849 321 3899 An.
333 3847 370 3898 U.
387 3847 452 3916 359.
466 3848 526 3904 Lir.
539 3848 579 3912 V,
596 3851 641 3904 28.
824 3865 905 3904 nerva
912 3847 1023 3904 Athenis
1033 3858 1059 3898 et
1069 3846 1175 3918 Jupiter
1183 3841 1334 3914 Olympius.

310 3946 334 3978 a.
344 3926 575 3985 Flamma...oculis.
583 3928 716 3990 Naturalis
722 3927 782 3999 qui·
826 3926 904 3982 conf.
919 3926 987 3980 Plin.
1003 3925 1070 3980 Hier.
1087 3937 1142 3979 nat.
1154 3921 1292 3986 XXXIV,
1306 3922 1334 3984 8;
1414 3963 1415 3992 3

269 4004 329 4066 deur
341 4008 381 4060 rei
391 4021 517 4064 eventus:
535 4006 584 4062 sed
590 4007 732 4068 verisimile
746 4021 783 4062 ta·
827 4003 906 4058 Ovid·
921 4024 952 4057 ex
966 4007 1045 4059 Pont.
1061 4007 1118 4073 IV,
1137 4025 1149 4058 1
1164 4043 1173 4069 ‚
1188 4005 1235 4058 31·
1414 3999 1415 4064 l

269 4085 406 4155 memdir.
417 4087 614 4160 providentiam
624 4088 782 4154 cavissem
868 4087 895 4147 6.
911 4087 1007 4151 Tacere.
1026 4087 1095 4160 Quia
1112 4083 1204 4143 indiis
1219 4077 1338 4158 rolendis
1414 4089 1415 4162 fi
