2864 4994
493 495 776 562 PRAEFATIO.
1143 523 1178 568 ιιι

106 639 340 738 repetitiones
370 653 475 728 ortae,
499 638 635 737 quibus
661 642 700 712 in
723 640 856 712 molem
877 641 977 737 justo
1004 644 1177 739 majorem

107 763 263 834 excrevit
285 786 387 860 opus.
410 765 543 863 Kappii
568 763 699 852 editio,
720 765 750 835 si
767 779 934 836 nontam
956 765 1178 842 erudiendo·

104 912 186 958 rum
196 910 309 986 quam
321 885 547 958 eruditorum
560 887 753 958 utilitatem
767 903 990 986 spectemus,
1003 889 1094 962 nihil
1103 890 1178 966 fere

102 1011 208 1108 quod
232 1010 479 1083 desideremus
499 1012 684 1110 reliquum
710 1010 805 1084 fecit.
828 1017 919 1086 Nam
939 1014 984 1086 de
1005 1017 1178 1090 varietate

103 1137 305 1208 lectionum
332 1135 550 1233 plerumque
577 1135 694 1234 probe
713 1161 755 1208 ac
772 1138 955 1210 verissime
970 1137 1109 1232 judicat
1125 1141 1180 1210 vir

104 1261 237 1332 doctus
262 1287 270 1329 :
294 1259 358 1330 sed
388 1260 497 1331 crisin
525 1261 648 1359 potius
677 1285 787 1359 quam
822 1263 1179 1359 interpretationem,

104 1397 215 1481 atque
225 1383 318 1454 adeo
329 1385 443 1481 magis
454 1383 726 1482 philologorum
736 1367 1059 1482 professorumque
1069 1410 1180 1483 quarn

105 1505 255 1578 rudium
275 1531 317 1577 ac
335 1508 499 1578 tironum
517 1507 708 1578 commoda
721 1508 865 1579 videtur
878 1510 1087 1607 respexisse.
1107 1513 1181 1582 No·

106 1632 274 1702 vissimus
306 1630 466 1727 denique
496 1631 633 1719 editor,
661 1629 909 1722 Helfrechtus,
937 1632 1041 1721 solis,
1064 1657 1182 1730 prope

108 1755 243 1844 dicam,
265 1753 483 1826 discentium
499 1753 705 1826 rationibus
724 1757 919 1828 consuluit.
944 1761 1036 1830 Nam
1051 1756 1184 1828 scholis
1239 1735 1243 1746 ¹

108 1879 337 1976 potissimum
369 1878 599 1950 inferioribus
634 1882 858 1977 prospiciens
895 1882 934 1950 in
967 1879 1184 1978 explicando

107 2004 269 2074 auctoris
284 2026 395 2074 sensu
412 2002 553 2074 assidue
572 2017 735 2074 versatur
752 2029 759 2071 :
779 2029 800 2074 a
816 2005 898 2075 crisi
915 2017 1035 2075 textus
1052 2004 1186 2100 (uthis

108 2125 229 2196 verbis
249 2126 351 2222 utar)
374 2147 518 2223 semper
538 2123 614 2198 fere
634 2151 673 2198 se
695 2128 872 2199 continet.
895 2132 985 2218 Quae
1004 2153 1125 2226 quum!
1137 2129 1187 2200 ita

109 2251 200 2339 sint,
217 2251 398 2348 suscipere
413 2249 577 2322 laborem
590 2276 668 2321 non
687 2251 855 2322 inutilem
871 2251 968 2322 visus
985 2273 1064 2320 sum
1079 2251 1186 2340 mihi,

110 2374 142 2444 si
155 2398 288 2444 novam
306 2397 470 2472 pararem
493 2373 693 2445 editionem
703 2399 808 2470 ,quae
825 2372 997 2446 omnibus
1018 2373 1187 2445 subsidiis

110 2497 158 2568 ad
171 2497 448 2595 intelligendum
463 2498 648 2570 Valerium
662 2497 847 2596 undique
835 2513 1027 2626 instructa,
1045 2497 1186 2570 discen-

109 2623 203 2692 tium
229 2647 271 2693 ac
296 2620 505 2694 docentium
536 2620 774 2744 currupodis'.
753 2610 902 2760 aeque
890 2623 1091 2707 inserviret.
1114 2626 1187 2706 Ita,

110 2873 273 2970 primum
294 2871 493 2944 Helfrechti
511 2801 617 2943 ntitas
631 2826 762 2957 ,tium
753 2801 964 2984 hiiitoiicas
976 2884 1013 2941 et
1035 2895 1188 2968 geogra-

110 2996 256 3094 phicas,
276 3011 355 3069 turn
378 2998 642 3095 antiquitatem:
654 2985 908 3116 ειιξιιιιιιῑειρ
889 2973 1013 3075 terna
1032 2994 1187 3090 subjeci,

111 3135 236 3192 auctas
263 3136 405 3208 tamen,
433 3124 646 3219 castigatas,
667 3129 758 3192 ae'
730 3120 860 3218 saepius
882 3099 1030 3218 penitus
1053 3121 1187 3192 immu-

2 3301 3 3312 ,
112 3258 216 3317 tatas.
234 3245 376 3316 Deinde
399 3243 522 3317 addidi
544 3244 710 3315 lectionis
723 3245 934 3316 varietatem
950 3245 1187 3342 praecipuam,

113 3395 160 3440 ex
172 3367 339 3440 subsidiis
353 3394 434 3466 quae
451 3392 560 3464 supra
573 3369 658 3438 dixi.
670 3370 838 3464 Denique
855 3367 901 3438 ad
915 3367 1097 3464 exempla,
1109 3382 1186 3439 tum

112 3499 294 3589 Romana,
309 3507 388 3562 tum
403 3505 568 3580 externa,
583 3516 660 3562 non
671 3492 790 3562 solum
804 3506 969 3562 auctores
982 3493 1046 3587 qui
1061 3491 1186 3562 eadem

116 3630 338 3704 memorant,
366 3616 429 3687 sed
454 3629 620 3713 tempora
645 3640 794 3713 quoque
823 3631 858 3686 et
894 3639 1028 3702 annos,
1054 3613 1188 3711 quibus

122 3741 280 3838 quidque
307 3742 475 3836 contigit,
499 3741 691 3828 annotavi,
714 3755 757 3810 ut
778 3740 951 3827 lectores,
974 3739 1186 3837 ampliorem

129 3865 280 3962 jusdem
297 3866 351 3934 rei
369 3865 614 3935 narrationem
631 3863 896 3952 desiderantes,
913 3863 1039 3934 adalia
1054 3889 1188 3933 monu-

137 4002 241 4060 renta
267 3989 491 4085 antiquitatis
516 3988 618 4058 nullo
645 3989 794 4085 ¹negotiu
817 4001 967 4086 possent
987 4012 1184 4058 recurrere.

139 4112 260 4184 tuibus
288 4113 326 4182 in
353 4110 463 4184 rebus
480 4111 789 4208 quemadmodum
810 4114 973 4183 virorum
995 4112 1188 4184 doctorum
