2864 4994
351 457 575 526 tatami
604 457 812 525 Maximi
841 443 974 525 vmu'.
1131 485 1194 529 nn

122 593 211 664 ximo
227 605 262 659 et
274 591 447 685 Pupieno:
463 619 480 654 α
497 591 778 684 Neque‘unquam
797 592 969 684 quisquam
983 593 1017 660 in
1031 589 1085 660 illa
1100 608 1195 664 atate

123 702 169 770 sio
186 711 318 768 amatus
335 711 401 780 est,
419 698 538 766 merito
556 700 626 785 avi,
645 712 677 766 et
694 695 849 766 avunculi
868 699 919 766 sui
934 699 1053 792 patris,
1071 713 1108 767 nt
1122 703 1193 794 qui·
1271 725 1277 733 ·

122 807 201 875 dam
220 803 426 898 dicunt,qui
445 828 507 898 pro
522 802 648 898 populo
667 827 806 872 romano
824 818 942 872 contra
956 806 1142 876 Maximum
1160 809 1194 876 in

122 912 238 986 Africa
258 911 361 979 vitam
383 910 546 978 finierant
569 939 586 976 r
612 909 678 978 Sed
699 933 779 979 cave
806 909 877 978 baec
904 909 1093 1006 decipiant;
1113 913 1194 982 nihil

122 1021 214 1088 enim
232 1018 343 1085 verius
360 1041 461 1110 quam
480 1017 571 1084 hunc
590 1013 858 1084 Memorabilium
874 1018 1070 1110 scriptorem
1088 1017 1194 1088 multo

123 1150 195 1194 esse
218 1124 461 1218 antiquiorem3
483 1122 616 1217 quando
637 1136 671 1191 et
693 1121 841 1210 Gellius,
862 1123 919 1216 qui
940 1124 1002 1191 sub
1024 1123 1194 1194 Hadriano

124 1233 223 1316 vixit,
239 1231 310 1324 ejus
322 1228 591 1298 Memorabilium
607 1229 709 1298 libros
727 1228 883 1316 advocat,
901 1227 955 1296 lib.
970 1231 1056 1315 XII,
1070 1255 1142 1325 cap.
1160 1257 1193 1328 7.

122 1341 235 1408 Immo
252 1350 382 1405 certum
401 1350 450 1404 est
463 1336 524 1405 sub
536 1337 669 1404 Tiberio
688 1336 827 1422 vixisse;
842 1335 1109 1430 quandoquidem
1125 1339 1194 1432 ipse

123 1443 179 1512 lib.
195 1446 249 1530 11,
266 1467 338 1537 cap.
356 1440 400 1528 6,
418 1467 453 1510 se
467 1443 579 1510 Asiam
596 1467 673 1511 cum
690 1443 763 1510 Sex.
783 1443 942 1535 Pompeio
957 1443 1086 1536 petiisse
1106 1442 1193 1512 dicit.

124 1552 185 1619 Est
203 1564 317 1618 autem
340 1539 504 1617 is'Sextus
522 1549 717 1644 Pompeius,
738 1549 794 1641 qui
815 1573 892 1616 cum
910 1551 1011 1618 Sexto
1031 1548 1195 1644 Appuleio

123 1654 336 1726 consulatum
354 1656 472 1748 gessit,
494 1679 594 1748 eopse
615 1679 703 1724 anno
726 1679 793 1748 quo
814 1657 980 1748 Angustus
1000 1657 1111 1724 Caesar
1128 1658 1196 1726 vita

122 1763 287 1847 excessit,
309 1763 405 1854 eique
422 1761 573 1830 Tiberius
592 1763 756 1830 successit.
777 1767 822 1829 At
843 1759 994 1830 consules
1011 1762 1065 1830 isti
1082 1762 1195 1850 luere,

123 1870 181 1962 qui
198 1869 300 1962 primi
318 1869 354 1935 in
374 1867 497 1934 Tiberii
514 1868 617 1936 verba
629 1867 803 1960 jurarunt,
823 1891 928 1961 eoque
948 1870 1084 1936 nomine
1099 1868 1195 1938 Tibe-

124 1977 175 2048 rio
194 1975 290 2043 litere
309 1998 440 2067 semper
459 1975 694 2068 acceptissimi,
715 1987 753 2040 ut
772 1998 813 2041 ex
828 1976 955 2060 Dione,
975 1975 1108 2058 Tacite,
1125 1973 1196 2044 aliis

125 2095 269 2150 constat.
291 2082 401 2148 Etiam
422 2094 554 2148 aetatem
573 2079 717 2149 ostendit
736 2079 829 2148 locus
850 2081 940 2174 ipse,
958 2078 1013 2148 lib.
1032 2083 1101 2167 VI,
1122 2105 1194 2176 cap.

131 2211 165 2274 1,
180 2192 327 2256 Marcus
339 2187 515 2256 Antonius
528 2209 667 2258 avorum
684 2203 876 2255 nostrorum
895 2185 1101 2281 temporibus
1118 2189 1195 2256 clo-

125 2299 279 2363 n'saimmr
297 2307 425 2361 orator.
443 2293 554 2381 Idem,
574 2318 640 2388 qua
654 2291 742 2362 Julio
759 2307 793 2361 et
809 2294 960 2386 Augusto
978 2306 1196 2378 amentatum,
1253 2353 1255 2358 .

127 2401 251 2486 oratio,
267 2398 324 2467 lib.
342 2401 444 2485 VIII,
459 2423 532 2493 cap.
546 2397 570 2469 6
586 2414 620 2468 et
633 2398 727 2487 alibi;
742 2401 821 2467 item
836 2399 926 2493 quod
938 2400 972 2467 in
987 2400 1127 2493 gratiam
1142 2403 1199 2470 Ti·-

127 2507 211 2579 beni
225 2510 368 2574 Brutum
384 2520 483 2574 vocat
499 2505 716 2600 parricidam,
734 2505 788 2573 lib.
803 2508 871 2592 vt,
888 2529 959 2600 cap.
981 2508 1022 2592 4,
1039 2507 1196 2600 quemad·

129 2613 269 2681 modum
287 2625 321 2680 et
336 2609 408 2680 libr.
424 2615 457 2699 I,
475 2636 546 2707 oap.
566 2612 606 2699 8,
625 2613 687 2700 ait,
706 2614 745 2681 C.
768 2613 919 2681 Cassium
937 2636 1108 2705 nunquam
1127 2615 1197 2708 sine

128 2719 325 2812 prelatione
339 2717 464 2811 publici
480 2719 646 2813 parricidii
665 2718 915 2788 nominandum.
930 2721 1059 2813 Nempe
1074 2719 1119 2787 ita
1134 2719 1196 2788 sub

127 2825 262 2894 Tiberio
279 2823 371 2920 loqui
384 2848 519 2894 necesse
533 2820 621 2912 erat,
635 2824 726 2918 quod
737 2823 793 2894 illa
806 2826 904 2893 etiam
918 2825 1080 2893 Cremutii
1095 2825 1198 2894 Cordi

128 2931 265 3025 querela
288 2930 432 3000 ostendit
451 2931 541 3026 apud
558 2931 728 3017 Tacitum,
752 2928 931 2998 Annalium
949 2928 969 2997 l.
989 2932 1053 2998 IV:
1073 2958 1095 2994 «-
1103 2932 1196 3000 Titus

87 3053 91 3064 '
129 3039 246 3108 Livius
261 3039 323 3107 Cn.
341 3039 537 3132 Pompeium
550 3038 649 3106 tantis
663 3035 815 3105 laudibus
833 3034 966 3123 extulit,
979 3049 1018 3103 ut
1031 3037 1198 3131 Pompeia·

130 3167 213 3211 num
232 3169 310 3212 eum
327 3144 495 3238 Augustus
513 3143 714 3238 appellaret3
731 3166 839 3237 neque
857 3141 892 3212 id
907 3143 1060 3212 amicitiae
1081 3168 1215 3212 eorum‘

131 3249 256 3319 offecit.
281 3251 491 3343 Scipionem,
511 3249 709 3338 Afranium,
734 3250 825 3318 hunc
851 3253 1011 3333 Rrutum,
1033 3273 1197 3344 nusquam

131 3353 278 3425 latrones
299 3371 333 3426 et
353 3356 552 3451 parricidas,
571 3381 645 3451 quae
667 3381 757 3435 nuno
778 3355 941 3425 vocabula
960 3357 1198 3449 imponuntur,

132 3486 218 3556 saepe
234 3477 273 3530 ut
285 3463 427 3557 insignes
438 3465 536 3532 -viros
550 3465 709 3532 nominat.
723 3463 942 3531 »Cremutius
958 3461 1012 3531 ille
1032 3487 1051 3531 a
1064 3462 1197 3531 Tiberio

133 3567 311 3638 damrmms
332 3569 408 3656 fuit,
422 3570 563 3664 librique
583 3570 653 3664 ejus
667 3594 728 3664 per
745 3567 868 3637 AEdiles
882 3569 1036 3654 cremati;
1055 3597 1072 3632 c
1089 3569 1198 3662 quod,

135 3674 229 3744 editis
237 3675 437 3765 Annalibus,
447 3675 646 3770 laudatoque
654 3678 702 3744 M.
715 3679 837 3764 Bruto,
849 3677 889 3744 C.
903 3676 1054 3744 Cassium
1069 3677 1197 3744 Roma-

135 3806 256 3850 norum
272 3780 426 3852 ultimum
442 3783 621 3870 dixisset,»
639 3797 678 3851 ut
696 3783 817 3851 ibidem
831 3781 964 3851 Tacitus
983 3782 1038 3850 ait.
1053 3782 1155 3870 Quod
1173 3783 1207 3851 si·
1223 3821 1227 3842 ι

135 3888 208 3978 quis
220 3888 379 3980 objectet,
388 3890 510 3958 mirum
519 3892 621 3986 igitur
628 3913 710 3976 esse,
723 3891 750 3958 si
764 3890 805 3976 is,
815 3890 871 3982 qui
882 3889 1041 3981 Augustei
1051 3890 1112 3957 aevi
1125 3913 1200 3957 con-

136 3991 198 4059 suli
214 3993 382 4064 familiaris
397 3995 472 4083 fuit,
486 3995 629 4066 dictione
642 4009 769 4083 utatur,
782 3993 888 4088 qualis
902 3993 1112 4088 sesquiseouli
1125 4007 1201 4086 post

138 4095 200 4166 fuit
212 4124 220 4165 :
234 4102 379 4193 primum
394 4101 519 4188 dicam,
537 4127 598 4172 neo
614 4101 671 4171 illo
689 4127 761 4172 evo
776 4126 890 4171 omnes
910 4115 995 4170 tense
1014 4100 1091 4169 satis
1110 4098 1201 4168 locu·
