2864 4994
307 495 310 504 .
343 437 450 506 CAP.
482 437 552 524 IV,
579 439 652 506 DE·
679 437 956 510 AUSPICHs.
1128 444 1171 517 31

471 628 703 728 CAPUT
742 631 825 730 IV.

351 827 400 890 De
414 829 571 916 Auspiciis
588 843 660 917 quet
678 843 782 920 ‘cepere
799 824 947 900 Romani.

116 985 136 1013 ι.
148 968 226 1014 Attice
240 967 329 1013 Nerius
343 969 433 1030 Augur.
441 984 494 1014 -α,
506 970 558 1016 Tib.
571 972 702 1026 Gracchus,
714 973 766 1019 Tib.
777 975 802 1020 F.
815 975 870 1021 trib.
882 977 945 1038 pleb.
956 1004 987 1014 -
998 981 1022 1028 3.
1033 983 1059 1027 P.
1070 983 1182 1032 Chudius

136 1047 253 1100 ”Ptrlchen
264 1056 289 1092 et
299 1049 325 1092 L.
337 1049 420 1093 lunius
433 1049 513 1094 Pullus
525 1050 589 1095 Co'ss.
600 1077 632 1084 -
641 1058 664 1106 4.
674 1053 700 1098 L.
711 1053 821 1099 Metellus
832 1055 899 1102 Pont.
911 1059 1005 1105 Maz—
1014 1059 1035 1107 5.
1044 1061 1078 1108 Μ.
1091 1061 1181 1110 Tullius

139 1126 231 1173 OEcero.
244 1151 276 1162 -·
284 1126 308 1172 6.
321 1127 354 1174 Μ.
366 1129 378 1173 J
381 1141 420 1174 uu.
433 1131 518 1174 Brutus
530 1143 622 1190 praesu·

340 1263 389 1324 De
415 1264 559 1350 auspiciis
582 1287 654 1354 quoe
680 1289 783 1356 cepere
804 1267 951 1336 Externi.

365 1417 387 1446 1.
402 1402 534 1448 Alexander
545 1404 652 1466 Magnus.
662 1429 688 1440 -
707 1419 729 1452 ².
744 1407 869 1467 Deiotarus
880 1425 929 1456 rex.

254 1551 653 1638 recusemusque
680 1572 839 1632 cerens
865 1569 1038 1638 nouem.

169 1749 199 1792 1.
223 1726 261 1792 L.
282 1723 482 1818 Tarquinius
497 1746 555 1794 rex
574 1727 751 1798 centuriis¹
775 1732 942 1824 equitum,
958 1759 1041 1831 ques
1054 1741 1182 1812 Romu·

108 1831 159 1899 lus
171 1831 342 1924 auspicato
351 1832 607 1926 conscripserat,
617 1831 697 1904 alias
711 1836 853 1930 adjicere
865 1843 1180 1939 cupiens,quumeb

107 1939 203 2018 Attio
223 1939 332 2006 Nerio
352 1960 478 2034 augure
500 1940 751 2032 prohiberetur,
772 1944 919 2018 offensus
938 1951 1180 2048 interrogavit,

107 2057 265 2136 possetne
286 2043 373 2131 fieri,
392 2044 482 2138 quod
500 2047 570 2139 ipse
594 2062 704 2116 mente
726 2054 946 2147 conceperat?
968 2059 1090 2127 Posse²
1109 2062 1182 2132 fieri

107 2149 258 2236 dicente,
268 2151 366 2242 jussit
379 2150 542 2219 novacula
562 2167 671 2221 cotem
685 2154 833 2227 discindi.
854 2161 930 2248 Qua
944 2165 1052 2234 Attius
1068 2165 1181 2257 allata,

107 2252 337 2324 administrato
357 2256 540 2325 incredibili
558 2259 664 2348 facto,
682 2261 840 2334 effectum
859 2293 926 2337 suae
950 2263 1179 2364 professionis3

106 2361 213 2432 cordis
234 2365 321 2456 regis
343 2363 490 2456 subjecit.

164 2487 195 2537 n.
217 2469 289 2535 Tib.
312 2469 502 2554 Gracchus,
518 2495 621 2564 quum
640 2473 682 2542 ad
700 2499 752 2542 res
768 2466 894 2547 novas⁴
912 2499 1101 2575 pareretur,
1116 2514 1177 2558 au·

150 2687 178 2721 1.
193 2667 323 2720 Centuriis.
336 2667 456 2733 Quarum
468 2681 520 2722 tres
531 2683 618 2724 erent:
656 2672 745 2742 fierine
755 2690 851 2745 posset,
869 2681 935 2752 quod
954 2687 1003 2754 inse
1020 2700 1096 2739 mente
1117 2709 1173 2744 con.

109 2749 247 2810 Tutienses,
270 2748 439 2811 Rhamnetem,
464 2763 490 2802 et
505 2751 617 2808 Luceres,
663 2759 876 2824 repserat—Cic.
887 2757 921 2812 de
929 2763 993 2834 Lep,
1003 2765 1043 2828 II,
1061 2787 1109 2834 12,
1128 2773 1171 2824 1¹3.

106 2821 221 2898 (chiis,
236 2827 283 2900 qui
298 2827 331 2881 ab
343 2827 428 2882 Ardea
441 2849 502 2902 rege
515 2831 619 2884 Lucero
706 2853 730 2886 n.
749 2835 823 2888 Posse
825 2837 892 2906 fieri.
905 2842 991 2896 Alias:
1003 2846 1055 2906 Eo,
1071 2855 1173 2918 augurio

105 2909 225 2959 Romulo
248 2905 372 2960 adversus
392 2900 499 2960 ‘ratium
522 2910 619 2961 auxilio
662 2925 822 2982 capto,posse
824 2915 883 2986 fieri
889 2919 988 2974 dicente.
999 2923 1042 2977 Sic
1050 2926 1105 2980 fere
1113 2930 1171 2983 Liv,

106 3000 236 3039 venerant
241 2984 477 3052 ,dictee.)-Attr'o
484 2989 572 3042 Novio.
579 2991 619 3042 De
664 2993 720 3046 Cic.
734 3007 761 3046 et
772 2993 793 3045 F
794 2995 845 3049 lor.

106 3081 138 3118 eo
146 3069 258 3138 ejusque
264 3067 394 3120 novacula
399 3067 455 3120 vid.
463 3069 520 3121 Liv.
530 3071 557 3134 l,
567 3071 603 3122 36
613 3108 621 3136 ‚
705 3074 732 3126 3.
754 3075 922 3142 Professionis.
943 3081 997 3134 Pro
1008 3107 1010 3112 ⁴
1015 3087 1171 3154 profisstonis

106 3147 153 3216 qui
167 3147 251 3200 refert
265 3165 272 3199 :
290 3173 300 3193 α
314 3166 346 3198 ex
362 3166 391 3199 ea
404 3167 434 3200 re
448 3149 564 3218 auguriis
579 3168 620 3202 sa·
662 3149 864 3211 coddTorren.
876 3159 1002 3216 exhibent
1009 3167 1171 3234 perfectionis.

105 3223 281 3298 cerdotioque
292 3244 420 3296 augurum
431 3241 519 3282 tantus
531 3229 619 3281 honor
662 3263 702 3273 --
723 3235 774 3286 An.
793 3235 828 3290 U.
852 3244 921 3306 140,
937 3241 1050 3300 circiter,
1067 3248 1127 3302 Liv.
1142 3251 1171 3316 Ι,

107 3307 228 3370 accessit,
252 3301 288 3358 'ut
310 3299 379 3358 nihil
404 3307 467 3360 belli
492 3307 619 3380 domique
663 3313 1089 3390 36;cic.Liv.1,17;Fest.in
1103 3330 1170 3388 Nar.

106 3386 268 3454 postealnisi
291 3387 424 3456 auspicato
445 3399 590 3458 gereretur.
604 3400 615 3420 '
663 3391 735 3445 Flor.
749 3393 775 3456 I,
792 3396 817 3448 5.
1038 3396 1040 3402 ’

108 3463 235 3518 Variatur
251 3464 398 3518 admodum
413 3467 491 3538 hujus
512 3468 619 3539 auguris
703 3479 728 3534 4.
743 3473 790 3524 Res
803 3495 884 3528 mous.
895 3479 984 3534 Rebus
997 3487 1073 3538 novis
1089 3487 1169 3558 signi·

108 3543 620 3618 licetceleberriminomenapudaucto·
661 3547 857 3608 ficantVeteres
865 3557 956 3614 formae
964 3563 1069 3634 imperii
1077 3567 1171 3622 immu-

109 3641 164 3687 res3
184 3622 231 3677 sed
248 3644 328 3696 qtram
342 3621 464 3678 dedimus
478 3629 617 3680 lectionem
662 3632 789 3684 tationem
805 3653 851 3688 seu
864 3640 939 3708 regni
952 3641 1169 3702 adfectationem:

110 3702 187 3755 ctiam
197 3705 294 3775 optimi
306 3699 419 3760 editores
432 3705 503 3760 Flori
513 3720 539 3760 et
548 3708 620 3764 Livii
661 3711 715 3764 h.l.
727 3713 759 3764 iis
771 3711 913 3770 denotatur
924 3723 1057 3796 precipue
1068 3727 1170 3786 latolex,

108 3783 262 3850 praeferunt.
271 3786 442 3838 -Possetrre
457 3788 525 3840 Octo
538 3785 617 3842 codd.
662 3793 776 3862 agraria,
785 3812 837 3864 qua
844 3797 1010 3868 exigebatur(
1015 3823 1063 3876 per
1070 3807 1171 3878 aliquot

108 3879 140 3910 en
151 3863 180 3913 id
184 3861 244 3931 fieri
253 3877 336 3936 posset
352 3867 417 3936 quod
430 3871 509 3918 auimo
525 3872 620 3936 cogita·
664 3869 764 3936 secula)
772 3875 928 3946 usquedum
936 3882 1030 3935 Cicero
1037 3887 1076 3938 rei
1088 3888 1171 3946 finem

108 3953 152 3993 ret.
167 3941 265 3996 Nostra
277 3944 356 3996 lectio
366 3959 453 3998 autem
462 3947 543 4018 magis
556 3965 622 4000 conv
664 3949 830 4022 imponeret,
846 3970 876 4009 ut
890 3960 946 4030 agri
959 3979 973 4012 a
985 3966 1086 4036 populo
1101 3987 1168 4020 rom.

108 4020 179 4087 gruit
189 4023 277 4075 verbis
286 4023 357 4076 Livii
364 4043 371 4078 ε
372 4023 459 4094 fierine
469 4031 548 4098 possit
558 4029 623 4098 quod
664 4033 798 4102 acquisiti,
814 4037 860 4106 qui
873 4038 928 4092 lere
944 4059 959 4092 a
973 4045 1090 4113 patriciis
1103 4067 1170 4116 pau-

110 4116 171 4150 mmc
187 4123 231 4171 ego
252 4116 328 4156 ruente
348 4110 467 4176 concipio,
486 4119 513 4158 et
530 4105 618 4162 Flori:
664 4111 753 4188 cisque
761 4115 896 4172 nobilibus
906 4111 1077 4188 tenchantur,
1089 4144 1174 4206 sequa,
