2864 4994
213 457 658 612 VALERH'
710 483 1115 699 ΜΑΧΙΜΙ

126 781 391 850 FACTORUM
412 787 795 878 DICTORUMQUE²
815 798 1201 876 MEMORABILIUM

353 1034 606 1140 LIBER
653 1043 974 1154 PRIMUS

636 1301 694 1352 An

116 1497 120 1506 ’
176 1479 468 1563 TIBERIUM
496 1483 792 1572 CAESAREM
820 1495 1146 1586 AUGUSTUM.

457 1761 852 1798 ψ

353 1921 903 2113 'PRAEFllTIQ

120 2227 280 2351 Ulims
298 2264 437 2347 Romae³
440 2295 725 2377 ,exterarumque
746 2289 894 2379 gentium
920 2291 1007 2361 facta
1030 2297 1126 2365 simul
1152 2323 1192 2370 ac

118 2388 207 2457 dicta
225 2400 413 2455 memoratu
430 2386 551 2482 digna,
566 2415 638 2482 quae
657 2392 746 2484 apud
759 2393 839 2462 alios
852 2393 948 2465 latius
962 2399 1083 2470 diffusa
1097 2421 1192 2494 sunt,

117 2520 218 2590 quam
240 2506 281 2562 ut
298 2489 443 2561 breviter
464 2497 621 2588 cognosci
646 2501 793 2593 possint,
815 2500 857 2568 ab
879 2502 1060 2580 illustribus
1086 2508 1192 2580 electa

162 2715 187 2749 ι.
218 2696 313 2747 Valerii
336 2693 446 2747 Maximi.
470 2695 509 2746 De
529 2696 630 2748 Valerii
678 2695 736 2751 ait':
749 2699 845 2768 Scripta
858 2704 1022 2756 hoecliston'a
1038 2713 1113 2762 estin
1127 2711 1190 2764 libro
1282 2717 1284 2724 ⁴

114 2793 284 2848 prenomine
293 2793 347 2826 non
357 2775 526 2828 satiseonstat
530 2795 630 2846 ,quum
678 2780 763 2830 Valer.
774 2769 886 2844 Maxime,
892 2785 1022 2838 Factorum
1030 2789 1189 2843 etDictorum

104 2855 211 2908 *codice
224 2852 298 2907 Med.
311 2853 425 2916 Publius,
442 2867 538 2906 contra
553 2855 628 2908 Leid.
676 2877 777 2910 memora
778 2861 868 2914 biliam
892 2865 1029 2918 Pertinent
1049 2867 1130 2918 huc'
1122 2883 1187 2924 item

117 2936 208 3008 primo
235 2936 280 2988 Μι
270 2953 335 2986 rcus
360 2935 531 3005 appelletur,
553 2948 629 2987 caete·
673 2937 718 2989 illa
732 2940 778 2990 lib.
794 2941 848 3004 IV,
867 2961 889 2993 c.
911 2960 983 3006 1,n.
1007 2963 1039 2996 ιι
1060 2946 1184 3012 :Sentio,

118 3017 196 3087 rique
224 3013 328 3068 codices
352 3029 443 3066 omnes
474 3033 628 3085 prenomen
674 3037 732 3088 quos
741 3023 812 3076 cives,
826 3040 906 3090 qua-ve
908 3023 981 3088 facta
992 3029 1185 3080 commacdicta

117 3113 228 3166 prorsus
239 3094 370 3146 omittant
382 3093 461 3147 Unde
473 3095 630 3148 Μαιιιιὶιο-
674 3117 745 3169 quam
766 3113 869 3168 angusto
888 3103 979 3154 ambitu
997 3110 1113 3158 erationis
1132 3129 1185 3160 am-

116 3173 493 3246 gnominefueritinsignitus,
498 3174 629 3228 incertum
661 3178 772 3247 plectar.
785 3181 931 3252 Denique'
923 3201 951 3234 ιιι
969 3183 1082 3238 lectione
1093 3201 1184 3244 nostra

114 3269 166 3309 est.
182 3256 225 3308 Cf.
241 3267 295 3307 vita
306 3253 394 3305 valer
408 3255 479 3308 Max.
495 3273 527 3308 ex
540 3256 629 3308 Vossii
673 3259 825 3330 conspirant
838 3279 930 3313 omnes
938 3261 1018 3314 codd
1027 3265 1101 3318 MSS.
1114 3285 1183 3336 pm-

116 3335 164 3389 lib.
178 3336 209 3386 de
225 3335 356 3386 Htseoricis
371 3333 476 3396 hellis,
493 3347 519 3386 et
533 3336 628 3387 notitia
673 3349 714 3388 ter
729 3357 773 3390 eos
782 3341 847 3410 ,qui
867 3341 1022 3411 simpliciter
1038 3345 1181 3401 exhibent:

115 3415 245 3467 litteraria
256 3413 291 3466 de
303 3412 391 3464 Valer
405 3413 475 3468 Μιι,
490 3433 521 3466 ex
535 3415 628 3468 Fabri
675 3417 771 3468 Valerii
786 3419 892 3472 Maximi
905 3421 951 3471 libe
938 3441 965 3470 er
976 3427 1082 3490 primus
1089 3427 1180 3496 incipit,

117 3493 628 3550 οὔΒῖύἱὼιὴειαὶαιίιιιιοᾶἰῑίοιιίιιοιιιω
714 3498 741 3550 3
765 3499 837 3550 Urbis
858 3501 948 3553 Rome.
966 3503 1006 3552 Ita
1022 3501 1102 3557 codd.
1115 3519 1179 3559 vett.

114 3574 214 3629 addita
672 3593 778 3640 omnes,
792 3579 814 3630 si
827 3597 841 3630 a
856 3577 935 3631 codd.
951 3581 1017 3632 Susii
1031 3596 1057 3634 et
1068 3585 1178 3656 Dionys

156 3675 182 3710 ι.
199 3655 378 3707 Factorumdi·
365 3666 547 3725 satorumque
518 3653 626 3722 Pighius
671 3657 791 3708 Remens.
813 3656 976 3723 discesseris,
996 3661 1042 3731 qui
1058 3663 1179 3718 habent:

114 3733 220 3788 edidit:
236 3736 403 3805 exemplorum.
420 3735 500 3787 lllale.
515 3734 626 3786 Praeter·
656 3735 761 3804 -IPopui
773 3737 883 3790 Romani.
897 3740 963 3802 Quae
978 3739 1086 3810 quidem
1102 3743 1192 3826 lectio¹

115 3834 193 3886 quam
217 3815 314 3879 enlm,
336 3813 409 3886 quod
430 3815 522 3885 primis
543 3814 626 3884 ipsius
670 3817 1182 3888 quamvisPighioarrisit;adeout,m0·

114 3896 229 3948 auctoris
242 3895 348 3947 verbis:
365 3895 436 3946 Urbis
450 3896 544 3954 Romae,
559 3907 625 3946 exte·
670 3905 712 3946 tus
731 3897 898 3966 potissimum
925 3899 995 3951 Livii
1016 3914 1043 3952 et
1064 3902 1180 3956 Sallustii

116 3995 240 4046 rarumque
248 3974 625 4042 gentiumsactasimulacdicta
670 3976 838 4042 auctoritate,
849 3997 906 4029 eam
918 3980 1000 4031 textui
1011 3979 1179 4035 inserendam

117 4068 243 4106 mmoratu
256 4055 347 4126 digna,
365 4065 424 4118 ete,
440 4054 518 4106 lectio
534 4065 625 4106 nostra
668 4057 811 4120 censuerit,
828 4069 915 4110 tamen
932 4056 1044 4112 dubium
1058 4079 1111 4113 non
1126 4075 1179 4129 est,

116 4133 283 4201 vindicatum
295 4133 413 4201 Gellius,
422 4134 469 4187 lib
483 4133 550 4200 XII,
560 4154 582 4188 c
596 4151 624 4203 7,
667 4135 868 4205 vulgaremleet
877 4136 1008 4192 medicina
1016 4139 1180 4212 haudegere

978 4271 991 4316 I
