2864 4994
257 529 280 572 x
497 503 757 573 EDITORIS
785 504 1068 576 PRAEFATIO.
1142 559 1146 566 .

254 647 527 721 lucubrationes
557 647 756 747 plurimum
790 649 880 720 mihi
915 649 1094 748 profuisse
1125 653 1321 750 gratissimo
1422 707 1424 744 4

172 853 178 865 ⁸
254 774 376 844 animo
407 771 602 870 profiteor,
635 774 683 843 ita
714 787 837 845 tamen
869 799 957 846 meae
984 775 1175 874 diligentiae
1200 776 1321 850 deberi

254 895 431 972 nonnulla
444 881 750 986 animadvertent,
763 899 829 994 qui
841 898 1001 997 vulgatas
1016 897 1135 973 adhuc
1148 899 1322 973 editiones

254 1046 337 1094 curn
355 1020 425 1093 hac
441 1037 567 1094 nostra
587 1021 819 1094 contulerint.

302 1149 421 1242 Atque
437 1145 487 1218 sic
502 1143 651 1244 quidem
666 1141 807 1243 priores
822 1171 884 1218 sex
897 1145 1009 1218 libros
1022 1147 1158 1220 Valerii
1176 1149 1326 1220 Maximi
1424 1203 1425 1206 ι

253 1268 598 1367 comprehendimus
628 1268 698 1339 hoc
725 1283 827 1340 tomo
853 1297 860 1339 ι
890 1271 928 1340 in
953 1270 1108 1343 alterum
1134 1271 1327 1366 rejecimus
1424 1249 1425 1254 ἵ

252 1392 430 1491 reliquam
451 1406 593 1489 partem
610 1393 748 1488 operis,
762 1415 836 1464 una
857 1417 942 1463 cum
959 1392 1055 1464 lulio
1069 1392 1324 1490 Obsequentc,
1424 1381 1425 1398 ¹

254 1517 319 1612 qui
346 1518 385 1587 in
411 1516 607 1613 Bipontina
633 1540 782 1612 quoque
812 1514 972 1587 editione
992 1516 1139 1587 Valerio
1165 1517 1324 1586 Maximo

142 1673 147 1684 ·
251 1637 469 1734 subjunctus
494 1655 570 1726 est,
596 1638 725 1711 additis
752 1654 926 1737 praeterea
956 1638 1032 1710 aliis
1057 1641 1325 1711 commentariis
1425 1629 1426 1692 l

252 1777 288 1834 et
312 1762 463 1852 libellis,
487 1763 533 1836 de
561 1762 695 1862 quihus
718 1788 866 1862 agemus
893 1765 932 1833 in
956 1765 1085 1835 notitia
1107 1761 1325 1862 praefigenda

253 1885 356 1958 alteri
379 1886 432 1957 illi
451 1902 563 1959 t0m0.
585 1892 627 1958 ln
647 1902 825 1984 utroque,
849 1911 871 1957 a
894 1887 1034 1958 ratione
1059 1885 1241 1958 scribendi
1256 1903 1325 1960 vat-

251 2034 324 2106 que
344 2009 651 2108 interpungendi,
668 2010 706 2080 in
726 2011 863 2081 caeteris
881 2009 991 2104 hujus
1014 2008 1238 2086 collectionis
1258 2035 1323 2080 vo-

203 2141 207 2148 '
251 2132 452 2206 luminibus
474 2132 649 2232 probata,
673 2132 857 2204 discedere
879 2157 948 2203 nec
968 2129 1098 2221 debui,
1123 2133 1321 2208 neerolui.
1426 2145 1427 2154 ’

158 2246 161 2252 ’
252 2261 295 2326 In
317 2256 466 2354 reliquis
491 2241 641 2354 quoque
667 2256 821 2328 lectores
841 2257 959 2354 aqui,
978 2256 1017 2326 id
1035 2256 1136 2353 quod
1162 2256 1324 2353 praecipit

250 2381 476 2468 Aristoteles,
496 2380 753 2469 meminerint,
777 2403 853 2450 esse
876 2379 1035 2452 hominis
1057 2379 1207 2464 emditi,
1230 2394 1323 2450 eate-

250 2530 318 2576 nus
347 2506 386 2575 in
409 2529 672 2647 qnoquoque·
659 2529 792 2602 genere
813 2505 994 2576 rationem
1018 2504 1232 2601 exquisitam
1255 2529 1324 2602 po-

250 2629 383 2701 stulare
395 2610 621 2744 ,quatenns
611 2608 679 2700 ·rel
674 2623 831 2740 „naluit
830 2629 1024 2746 patiatur.
1048 2632 1269 2726 Quanquam
1293 2629 1324 2701 si

250 2753 340 2851 quid
364 2726 676 2877 ιγροιιιοιιιιιιιι
660 2735 807 2875 aircpiiai
835 2759 995 2824 e'rratum
1020 2766 1075 2823 est
1100 2752 1196 2848 (nec
1225 2753 1324 2824 enirn

250 2878 330 2950 ficri
355 2893 518 2978 potest,
508 2848 574 2998 ἰιὲ
584 2880 652 2949 ts‘·
642 2837 887 2976 quaiilirmvis
909 2892 1109 2976 expurgato
1128 2877 1323 2976 exemplari

249 3029 326 3073 non
350 2983 495 3100 aliqua
479 2999 679 3125 supersrt
653 2985 858 3123 macula),
877 2999 915 3071 id
934 3026 1002 3073 nec
1020 3025 1113 3098 saepe
1133 3025 1323 3074 occurrere

249 3151 318 3197 nec
339 3127 430 3196 tanti
450 3123 528 3196 fore
551 3150 678 3224 sper0,
699 3139 741 3196 nt
761 3148 908 3196 sensum
922 3121 1130 3221 perturbet,
1144 3138 1207 3193 aut
1221 3124 1323 3220 quod

248 3250 391 3320 lector
383 3274 482 3348 ipse,
498 3274 575 3320 non
598 3249 776 3337 monitus,
794 3245 898 3317 facilc
914 3245 1014 3316 haud
1033 3246 1213 3318 emendet.
1233 3249 1325 3319 Scri-

250 3372 382 3444 bebam
402 3374 563 3463 Parisiis,
583 3397 708 3445 mense
726 3372 858 3443 martio
874 3395 1084 3442 nucccxxn.

964 3551 1003 3620 C.
1024 3553 1062 3619 B.
1080 3553 1199 3619 Hasr.
