2864 4994
221 504 287 549 vm
612 481 876 548 notionis
951 461 957 476 '

220 654 259 699 re
284 627 464 699 desiderio
490 627 719 698 eruditissimi
750 628 897 699 editoris
923 627 1153 699 Bibliothecae
1181 629 1291 723 hujus

221 752 382 824 classicae.
391 750 548 824 Exhibet
563 751 673 824 editio
685 751 757 841 illa,
768 753 796 822 si
808 777 829 822 a
841 753 965 849 paucis
977 739 1291 824 immutationibus

221 875 441 964 discesseris,
458 875 651 946 lectionem
675 877 875 974 praesertim
883 877 1035 964 Vorstii,
1051 878 1114 973 qui
1131 890 1290 964 textum,

220 998 421 1069 multorum
434 999 540 1096 nugis
552 999 804 1096 depravatum,
819 998 864 1070 ab
877 999 1008 1093 injuria
1019 997 1291 1070 emendantium

222 1119 436 1210 defendere,
456 1147 602 1220 suaeque
618 1121 815 1219 integritati
836 1121 941 1192 codd.
963 1124 1293 1220 manuscriptorum

221 1270 293 1343 ope
322 1247 513 1318 restituere
542 1261 596 1316 est
624 1260 786 1318 conatus.
815 1247 917 1336 Quos
938 1243 1161 1318 Bibliotheca
1183 1247 1294 1344 Regia

222 1383 339 1442 servat
356 1370 499 1442 codices
518 1368 650 1440 Valerii
669 1368 956 1466 duodetriginta,
972 1370 1015 1440 u⁰
1036 1367 1188 1466 5839-
1201 1367 1294 1442 5860

191 1533 201 1557 κ
222 1510 259 1566 et
283 1493 543 1582 emt-6150,
562 1495 649 1566 item
673 1492 779 1564 nobis
801 1492 963 1565 subsidio
984 1493 1150 1582 fuerunt,
1171 1495 1294 1592 presci-

224 1643 296 1717 pue
320 1618 411 1690 Cod.
431 1616 546 1714 5839,
563 1616 722 1690 melioris
741 1630 837 1688 notae
856 1644 863 1686 :
884 1641 969 1688 nam
989 1617 1121 1715 reliqui
1147 1609 1300 1707 omnes,

223 1765 316 1838 quos
329 1741 463 1838 passim
479 1740 726 1838 inspeximus,
744 1740 865 1810 minus
883 1739 990 1810 utiles
1007 1738 1204 1837 praeferunt
1222 1741 1296 1812 lec-

224 1866 368 1936 tionum
388 1866 594 1954 varietates,
613 1878 649 1936 et
666 1862 832 1934 futurum
851 1889 1001 1961 quoque
1015 1862 1192 1936 editorem
1207 1863 1298 1934 nihil

226 1987 398 2086 (opinor)
427 2012 648 2086 magnopere
679 1986 914 2083 adjuvabunt.
944 1989 1081 2084 Hisque
1109 1988 1222 2086 copiis
1250 1989 1299 2058 ita
1340 1963 1342 1976 Ι

227 2113 347 2184 conati
373 2136 498 2182 sumus
521 2113 591 2202 uti,
608 2125 649 2184 ut
672 2137 749 2182 non
772 2109 981 2184 dubitemus
1007 2114 1097 2208 quin
1115 2112 1298 2184 Valerium

226 2235 413 2334 aliquanto
432 2260 543 2332 quam
566 2235 718 2306 antehac
737 2236 1021 2308 emendatiorem
1041 2232 1231 2304 habiturus
1255 2237 1300 2306 sit

227 2362 354 2434 lector.

278 2487 537 2558 Commentarii
555 2486 672 2558 textui
690 2484 872 2581 subjecti
859 2509 933 2579 Jam
957 2507 1123 2583 queenam
1144 2483 1237 2553 ratio
1257 2484 1302 2554 sit

229 2594 497 2711 ostendamus:
485 2573 681 2744 Magdus?
679 2611 808 2729 ⁵³3⁶:-
799 2621 985 2680 numerus
1018 2621 1071 2679 est
1100 2606 1302 2680 editionum

229 2734 376 2824 Valerii,
404 2759 539 2834 quae.
493 2733 589 2826 mh
580 2715 769 2839 inventa„
746 2699 843 2804 ‘uide
853 2732 1164 2830 typographiam
1183 2732 1303 2802 lucem

230 2859 484 2959 prodierunt:
492 2835 765 2964 grurnmahor
755 2836 905 2926 faceolis
943 2853 1192 2953 superioribus
1227 2879 1305 2925 nou

231 2957 785 3100 incelebres,³ott1i1mcsqtte:en
778 2980 928 3052 historia
939 3005 1076 3075 magni
1092 2994 1154 3050 aut
1165 2977 1305 3050 urbana

232 3110 335 3180 latini
358 3108 533 3179 sermonis
533 3075 784 3204 expoli'ti'dne‘
798 3102 939 3191 culti,
930 3129 969 3172 in
991 3101 1207 3172 illustrando
1220 3125 1306 3174 auc

233 3247 312 3302 tore
346 3244 472 3304 nostro
502 3253 651 3327 operam
679 3239 886 3324 posuerunt
923 3223 1119 3295 admodum
1151 3222 1305 3296 felicem

233 3355 305 3427 Sed
324 3380 451 3427 eorum
471 3368 576 3424 notas
599 3375 726 3422 omnes
749 3350 821 3422 huc
846 3347 1100 3423 transfundere
1123 3347 1317 3418 infinitum¹

233 3479 379 3565 fuisset,
397 3492 434 3548 et
452 3455 619 3547 instituto
639 3487 766 3546 nostro
786 3473 1055 3545 alienissimum.
1073 3477 1172 3542 Inter
1186 3493 1308 3540 recen-

234 3605 344 3674 tiores
370 3601 549 3672 editiones
572 3599 774 3697 principem
796 3597 919 3668 locum
940 3610 1086 3682 tenent,
1106 3618 1196 3688 quas
1217 3597 1308 3663 Tor—

235 3728 348 3815 renii,
368 3725 519 3823 Kappfi,
538 3720 736 3794 Helfrechti
757 3745 851 3794 curae
873 3719 1060 3790 debemus.
1085 3721 1139 3788 De
1158 3714 1309 3814 quibus,

235 3851 432 3922 Torrenius
449 3849 627 3918 variantes
648 3846 821 3916 lectiones
840 3844 967 3916 sedulo
982 3843 1143 3939 collegit,
1160 3863 1310 3912 acsum-

238 4001 339 4048 mum
351 3970 512 4072 prodidit
521 3971 697 4066 judicium
711 3972 750 4041 in
762 3985 864 4042 textu
877 3966 1135 4040 constituendo
1150 3993 1158 4034 ε
1173 3963 1309 4060 ubique

238 4115 359 4174 autem
385 4101 541 4196 integras
568 4095 720 4170 aliorum
746 4110 851 4168 notas
881 4095 997 4168 textui
1019 4091 1191 4187 subjecit,
1211 4086 1311 4160 unde
